3008 4958
627 267 848 329 ..73-

151 432 233 511 κείνη
252 435 292 511 M,
316 418 394 510 quae
418 433 508 492 leotio
533 434 637 492 eodem
660 432 758 508 duait,
781 426 897 508 ὀαιόιτηι
919 423 993 512 (acc.
1010 427 1046 511 0)
1065 431 1149 508 κείνη
1168 431 1200 507 Ρ,
1224 427 1328 508 ὀαιοίτη

151 532 233 610 κείνη
257 533 321 591 Pal.
346 535 377 591 et
400 531 548 607 Weehol.;
571 563 614 572 -
637 526 741 614 ὀωοίτῃ
763 528 847 606 κείνη
874 529 1037 607 genuinam
1064 529 1124 587 loci
1148 530 1327 605 scripturam

151 650 215 690 esse
245 631 400 690 Iacobsins
427 629 550 689 Anthol.
580 628 629 688 Gr.
657 629 715 688 vol.
735 628 809 686 XIII
836 649 865 704 p.
888 629 949 687 104
981 630 1012 686 et
1040 628 1085 687 ed.
1115 627 1179 685 erit.
1204 628 1261 687 vol.
1282 628 1328 685 ΙΙΙ

149 751 178 805 p.
200 732 262 789 108
288 729 347 789 sihi
369 731 570 805 persuaserat,
597 726 662 804 ipse
689 730 793 786 tamen
820 729 927 801 postea
955 726 1138 784 sententiam
1166 743 1251 782 suam
1281 745 1329 784 re-

151 827 292 904 probavit
315 821 326 906 Ι]
349 820 369 885 2
394 823 571 907 ε’φωμολρτει]
602 823 760 906 ἕωομολρτει
788 825 864 898 MV,
893 821 1058 902 έφωρμολτει
1085 823 1149 882 Pal.
1168 817 1178 901 Ι]
1195 827 1261 882 τοῖα
1284 817 1328 897 δ’]

151 945 245 1012 τοιάδ’
278 952 410 1011 Weohol.
438 947 448 1029 Ι]
476 945 497 1010 3
531 948 674 1029 δύναμαι]
708 948 837 1026 δύναμιν
869 949 900 1006 Μ
924 943 934 1024 ]
965 947 1116 1020 πνλεώνος
1144 950 1175 1007 Μ
1202 944 1213 1024 ΙΙ
1239 929 1329 1026 ὀχηας

152 1044 225 1128 (·Α,
243 1040 348 1127 «e'JP
370 1044 381 1127 ΙΙ
404 1043 426 1108 4
449 1046 605 1128 ὑμετέρης]
637 1047 767 1108 correxit
793 1046 935 1105 Reiskius
959 1047 1124 1106 Miscellan.
1147 1047 1229 1122 Lips.
1253 1047 1329 1105 Nor.

151 1149 209 1208 vol.
229 1149 271 1206 IX
294 1169 323 1224 p.
344 1151 421 1208 478:
445 1143 588 1226 ἡμετέρης
610 1145 705 1204 PMV
730 1144 793 1202 Pal.
818 1144 964 1221 Weohel,
994 1146 1074 1220 quod
1103 1146 1218 1204 frustra
1247 1137 1331 1224 (eum

153 1245 299 1305 Salmasio
319 1248 357 1305 ad
377 1246 468 1306 Solia.
488 1267 517 1322 p.
534 1248 597 1305 652
614 1237 684 1322 OD)
704 1241 860 1301 laoobsins
878 1241 1002 1300 Anthol.
1018 1241 1067 1300 Gr.
1082 1242 1140 1302 vol.
1155 1243 1199 1300 XI
1221 1263 1250 1318 p.
1266 1244 1328 1300 241

92 1403 94 1406 Α
152 1343 332 1403 defendebat
348 1338 359 1422 ]]
376 1341 444 1421 τὴν]
469 1341 521 1402 τὸν
544 1342 677 1400 Weohel.
700 1336 711 1419 Ι]
728 1336 867 1419 χαλάσας]
897 1338 1019 1417 χαλάσαι
1041 1338 1174 1398 Weehel.
1192 1333 1243 1417 115
1268 1339 1330 1398 ὀισ-

151 1439 225 1517 sav]
254 1440 346 1501 ὀισῶν
378 1443 409 1500 Μ
431 1437 441 1519 Ι]
463 1438 595 1520 κρηπλδα
622 1438 686 1497 MV
707 1431 718 1514 ΙΙ
739 1434 876 1515 περῆσαι]
911 1455 969 1496 om.
996 1437 1073 1513 Pal.;
1105 1437 1228 1516 περάσαι
1257 1438 1331 1513 MV,

150 1538 280 1618 περήσας
307 1540 448 1616 primitus
475 1540 507 1598 in
535 1539 559 1597 P
586 1538 733 1615 seriptum
761 1540 838 1610 erat,
867 1536 948 1612 quod
976 1533 998 1594 C
1027 1535 1156 1594 correxit
1181 1532 1192 1613 [l
1218 1529 1240 1594 6
1269 1533 1329 1595 ἔπι-

150 1634 270 1715 βλητος]
294 1633 343 1696 ἐπὶ
365 1637 473 1715 βλητος
495 1638 532 1714 P,
563 1638 615 1697 sed
641 1636 772 1714 priorem
800 1636 958 1693 accentum
982 1632 1005 1692 O
1029 1633 1146 1692 addidit
1162 1631 1173 1711 Ι]
1191 1631 1329 1711 μεσσόθι]

150 1733 257 1812 μεσόθι
279 1735 323 1808 Μ;
348 1735 440 1794 etiam
462 1735 493 1793 in
517 1735 541 1793 P
564 1732 671 1812 μεσόθι
693 1733 721 1791 Α
749 1734 940 1808 exaraverat3
969 1732 1054 1809 prins
1084 1730 1147 1790 σο
1176 1731 1304 1791 inseruit
1322 1731 1330 1814 t}

150 1832 359 1910 interrogandi
382 1836 456 1892 nota
483 1834 515 1891 in
541 1851 646 1892 versus
676 1832 735 1890 fine
768 1850 787 1888 a
816 1831 952 1890 Iaaobsio
980 1831 1039 1890 vol.
1063 1829 1110 1888 ΙΠ
1141 1850 1170 1906 p.
1191 1834 1253 1890 108
1285 1834 1331 1890 est

151 1931 286 2005 profecta
301 1960 310 2005 ι
326 1925 461 2009 ravat]
477 1927 560 2010 ωερε
573 1931 612 2005 n,
628 1915 822 2009 ωἐμνεω.
837 1928 983 2005 αιτιοι,
999 1929 1034 1986 α.
1051 1928 1089 1986 aa
1103 1949 1130 1986 n.
1145 1928 1309 1988 xxxma
1329 1970 1330 1977 ι

153 2021 174 2086 8
203 2024 326 2107 ἀπέχον]
361 2029 471 2105 spiritu
505 2029 650 2088 instruxit
682 2026 720 2104 0,
751 2027 804 2104 qui
839 2027 978 2104 spiritum
1017 2044 1109 2101 supra
1141 2022 1154 2084 έ
1186 2026 1331 2100 seriptum

152 2127 245 2185 erasit
261 2121 272 2206 ΙΙ
290 2122 330 2204 μη
355 2123 465 2204 σκενην
484 2123 600 2210 ὀλέσῃς]
625 2123 665 2204 μη
685 2122 794 2202 σκενην
818 2118 893 2206 (aso.
915 2120 951 2203 0)
976 2120 1075 2200 ὀλέσηι
1098 2122 1132 2199 P,
1155 2120 1195 2201 μη
1219 2117 1330 2199 ωιεΰην

151 2219 254 2306 ὀλέσῃς
276 2216 394 2303 (ὀλέσης
412 2225 457 2303 M)
482 2225 556 2302 MV,
579 2220 620 2302 μη
644 2220 753 2301 σαενην
780 2219 882 2301 ὀλέσης
900 2223 978 2300 Pan,
1002 2219 1043 2300 μὴ
1066 2220 1199 2300 κεφαλὴν
1223 2218 1331 2294 ὀλέσεις

153 2321 294 2398 Weohel,
317 2323 371 2381 ubi
394 2323 425 2380 in
444 2323 579 2400 margine
601 2323 729 2399 legitur:
755 2316 882 2406 ’ὀλέσῃς
905 2317 925 2398 ἢ
949 2317 1015 2380 ὀιντλ
1033 2328 1085 2381 τοῦ
1109 2317 1149 2398 μὴ
1171 2317 1330 2401 γραπτέον·

152 2412 200 2495 ὀ]’.
224 2450 267 2458 -
290 2418 479 2498 Diaereseos,
504 2440 595 2498 quam
624 2414 732 2497 po'otae
763 2422 865 2479 nostro
890 2417 1028 2476 Roishius
1057 2418 1201 2495 reddidit,
1235 2418 1331 2477 simile

154 2515 325 2591 exemplum
351 2517 442 2577 habes
471 2520 506 2576 A.
530 2518 563 2576 P.
585 2517 633 2576 ΙΠ
658 2520 725 2594 2,2
754 2513 870 2596 Αὔγης,
898 2507 979 2586 τᾶςδ’
1013 2512 1124 2595 έπέβην
1155 2524 1209 2595 μᾶς
1243 2519 1331 2575 Teu·-

154 2612 389 2693 θραντιολδος,
403 2617 456 2676 sed
470 2617 551 2693 apud
565 2614 745 2693 Gregorium
759 2614 982 2674 Nazianzenum
997 2613 1093 2673 Carm.
1108 2614 1139 2672 H
1155 2617 1173 2672 2
1198 2635 1225 2672 n.
1243 2616 1293 2692 59,
1310 2618 1328 2672 2

155 2707 281 2792 (Patrol.
306 2711 355 2774 Gr.
379 2715 438 2775 vol.
459 2707 635 2788 XXXVIII)
658 2735 687 2791 p.
708 2715 748 2771 41
775 2710 903 2791 ποιμήν,
926 2704 987 2772 εἶτα
998 2709 1105 2790 ,πατὴρ
1128 2709 1178 2771 καλ
1200 2709 1331 2790 νομέϋς

152 2805 267 2886 νομέων
295 2828 364 2869 cum
391 2810 578 2888 Anthologia
605 2812 747 2871 Palatina
770 2807 929 2892 (VHI17,
955 2809 989 2890 2)
1016 2814 1047 2870 et
1070 2811 1170 2869 codice
1194 2811 1328 2870 Modioeo

151 2909 369 2983 reponendum:
392 2906 442 2967 καὶ
465 2904 582 2986 νομέων
605 2905 714 2986 νομέας
737 2910 773 2968 of.
793 2907 890 2968 Carm.
910 2908 942 2967 ΙΙ
963 2912 978 2965 1
1000 2929 1027 2966 n.
1044 2910 1095 2984 44,
1116 2911 1178 2966 218
1204 2900 1330 2987 (Patrol.

153 3005 202 3065 Gr.
225 3007 284 3066 vol.
304 2996 462 3086 XXXVII)
485 3026 514 3081 p.
533 3008 631 3065 1368:
658 3004 786 3083 ποιμήν,
809 3013 867 3064 νῦν
891 3001 923 3064 δὲ
949 3003 1045 3083 πολιηρ
1068 3002 1118 3063 καὶ
1141 3001 1257 3081 νομέων
1280 3028 1331 3065 νο-

151 3100 231 3182 μέας.
283 3104 500 3162 Eratosthenes
540 3121 611 3163 vero
648 3104 801 3161 insolitam
839 3104 967 3162 formam
1003 3099 1113 3179 σκεϋην
1148 3104 1332 3179 pentametri

151 3201 348 3261 hemistichiis
371 3201 564 3275 transpositis
587 3200 676 3259 facile
701 3201 814 3260 evitare
832 3201 947 3278 potuit,
972 3201 1008 3259 de
1021 3200 1104 3261 voeis
1123 3200 1219 3276 ipsius
1238 3201 1330 3278 signi-

151 3299 290 3358 ficatione
322 3298 470 3360 ridendus
505 3298 639 3374 Toupius
671 3299 795 3358 Emend.
828 3299 866 3358 ad
899 3299 981 3358 Suid.
1011 3301 1042 3358 et
1073 3299 1201 3376 Hesyoh.
1233 3301 1291 3360 vol.
1317 3302 1332 3359 Ι

150 3417 177 3473 p.
193 3399 267 3457 461.
295 3429 333 3438 -
358 3397 474 3456 Eodem
497 3397 560 3455 fere
584 3415 675 3455 sensu
696 3397 861 3457 Salmasius
879 3398 1027 3457 librorum
1045 3398 1195 3474 scriptura
1218 3399 1331 3458 reiecta

151 3492 190 3572 μη
223 3493 356 3571 σιιαφίην
388 3489 491 3579 ὀλέσῃς
523 3495 701 3570 temptabat.
751 3496 906 3554 Iaeohsius
939 3495 1074 3553 Addend.
1109 3488 1162 3573 (ad
1191 3496 1248 3555 voi.
1269 3492 1330 3576 III)

150 3613 178 3668 p.
198 3591 341 3650 XXXVII
364 3580 405 3669 μη
429 3590 577 3668 σκυτάλην
606 3587 709 3677 ὀλέσῃς
732 3593 867 3652 coniecit.
914 3592 980 3662 Qua
1004 3593 1179 3651 coniectura
1201 3593 1331 3651 alterum

152 3688 287 3746 eiusdem
310 3689 438 3748 Iaeobsii
458 3693 659 3748 commentum
683 3688 724 3768 μη
748 3706 779 3749 σε
798 3689 881 3750 κύων
901 3686 986 3774 ὀλέσῃ
1006 3694 1037 3749 et
1058 3693 1194 3765 tempore
1218 3692 1249 3748 et
1272 3691 1331 3748 vir·

152 3787 219 3843 tute
248 3785 337 3862 longe
367 3787 492 3847 inferius
523 3790 582 3864 est,
614 3808 799 3865 quamquam
828 3788 981 3846 Dnehneri
1012 3788 1142 3846 adsensu
1173 3790 1219 3845 est
1251 3805 1332 3845 eorn-

154 3879 323 3956 probatum.
347 3915 390 3925 -

581 4091 681 4159 XLII.
707 4089 902 4176 Ἀγαθίου.

236 4224 282 4293 Ἡ
301 4239 405 4313 γραῦς
427 4230 447 4314 ἡ
471 4235 624 4318 φθονερη
648 4233 861 4327 παρεκέαλιτο
884 4237 1009 4317 γείτονι
1031 4232 1148 4316 κούρη,

314 4338 453 4422 ὀόχμιον
476 4337 514 4403 έν
536 4337 660 4426 λέκτρῳ
683 4352 794 4406 νῶτον
818 4339 1011 4427 ἐρεισαμένη
