3008 4958
663 264 859 327 „5-

174 431 352 508 temptabat,
372 430 413 510 μή
432 452 464 510 γε
483 429 563 514 λάθγγ
583 429 674 523 παῖδα
692 426 791 508 βαλὼν
810 425 954 508 πτέρυγας
970 429 1133 487 Wartonus
1149 430 1186 488 ad
1202 430 1350 488 Theocrit.

174 533 232 591 vol.
251 531 281 588 II
305 552 332 606 p.
354 533 394 590 89
420 528 569 604 exhibuit,
598 527 638 605 μή
662 549 696 606 με
720 527 800 612 trop
828 526 921 586 παῖδα
949 523 1048 605 λαβὼν
1076 524 1195 606 πτέρυγι
1222 528 1351 587 oonieeit

174 629 304 688 Koehler
328 629 367 687 ad
385 626 533 686 Theocrit.
558 646 585 702 p.
604 629 675 686 119.
701 658 744 665 —

594 887 651 952 IV.
679 887 927 972 Στράτωνος.

257 1029 320 1096 Ἐκ.
339 1034 421 1108 Διὸς
444 1030 656 1115 ἀρχώμεσθα,
681 1030 794 1105 καθὼς
814 1035 944 1112 είρηκεν
958 1027 1112 1113 Ἄρατος·

304 1138 384 1222 ὑμίν
408 1132 453 1220 δ’,
477 1134 503 1202 ὦ
528 1142 676 1219 Μοῦσαι,
700 1138 846 1220 σήμερον
871 1135 931 1200 οὐκ
954 1134 1087 1220 ἐνοχλῶ.

261 1248 305 1310 Εί
326 1247 389 1330 γὰρ
414 1244 477 1328 ἐγὼ
501 1244 621 1319 aalide
643 1267 678 1307 τε
702 1248 789 1326 φιλῶ
813 1240 867 1307 καὶ
890 1240 1006 1306 παισὶν
1030 1241 1144 1326 ὁμιίῶ,

304 1361 403 1417 τοῦτο
427 1354 462 1415 τί
482 1352 564 1433 πρὸς
587 1350 729 1425 Μούσας
752 1351 810 1426 τὰς
828 1345 1072 1425 Ἑλικωνιάδας.

609 1559 771 1633 Adrrotatlo
791 1549 915 1633 tritten:

215 1737 218 1743 -
261 1696 297 1755 A.
316 1696 348 1753 P.
368 1695 425 1753 XII
448 1698 462 1753 1
489 1695 551 1752 sine
576 1696 730 1770 lemmate,
754 1694 846 1753 verba
867 1693 946 1752 enim
966 1690 1129 1770 στράτωνυς
1153 1678 1351 1770 ἀσαρδιίξνυῦ

171 1795 406 1870 haudquaquam
426 1792 636 1869 epigrammati
655 1796 759 1851 nostro
774 1792 810 1876 ¹in
828 1792 852 1849 P
872 1786 1096 1865 adscribuntur,
1121 1791 1173 1850 sed
1192 1792 1230 1850 ad
1248 1795 1349 1851 totum

171 1892 373 1969 Anthologiae
384 1891 539 1950 Palatinae
549 1890 662 1949 librum
672 1889 729 1947 ΧΠ
737 1893 885 1966 spectant,
896 1889 1060 1965 eademque
1069 1888 1100 1946 in
1111 1908 1228 1947 summa
1237 1890 1349 1968 pagina

172 1992 244 2049 569.
273 2008 379 2047 manus
408 1989 526 2049 novicia
550 1988 663 2046 saeculi
690 1987 792 2045 XVlll
818 1988 937 2046 adiecit.
979 1985 1074 2056 Quem
1102 1987 1349 2063 interpolatorem

170 2089 289 2147 saeculo
313 2087 384 2145 XVI
406 2087 589 2146 Woltersius
615 2086 690 2143 Mus
713 2085 807 2144 Rhen.
829 2087 887 2145 vol.
908 2085 1068 2143 XXXVIlI
1090 2077 1206 2164 (1883)
1235 2106 1263 2162 p.
1287 2089 1348 2146 106

169 2207 196 2245 n.
213 2189 231 2245 3
251 2185 430 2260 vindicavit,
454 2187 589 2243 attamen
608 2186 743 2242 nostram
761 2183 909 2242 rationem
929 2202 964 2241 ea
984 2186 1097 2242 certam
1111 2183 1251 2256 reddunt,
1272 2203 1349 2260 quae

171 2285 206 2343 de
244 2285 348 2342 eadem
383 2302 474 2340 manu
509 2282 610 2340 Melet.
643 2280 691 2340 Gr.
719 2282 733 2339 Ι
767 2303 796 2358 p.
830 2285 890 2341 177
928 2285 1032 2340 contra
1066 2281 1267 2340 Paulssenum
1301 2302 1348 2342 ex-

169 2382 265 2458 posui.
289 2382 430 2439 -Tota
453 2380 541 2437 Musa
563 2379 689 2455 puerilis
713 2379 805 2437 etiam
828 2381 969 2439 lemmate
999 2379 1190 2456 designatur,
1219 2380 1348 2457 quodB

169 2496 306 2558 versibus
326 2498 437 2556 nostris
461 2495 632 2571 praemisit:
666 2507 679 2575 γ
700 2493 744 2564 τίς
766 2490 805 2552 ἀν
829 2491 893 2569 εἴην
917 2492 944 2552 εἰ
968 2483 1046 2552 univi
1070 2509 1117 2552 σοι
1140 2487 1156 2551 ἶ
1178 2490 1300 2575 είρημέἳ)
1323 2473 1349 2556 τ’1

168 2610 279 2701 γνῶσιν
303 2595 445 2698 {tolph
477 2626 535 2680 τῶν
560 2614 734 2695 (delendum
763 2636 826 2676 esse
855 2621 957 2677 censet
977 2618 1143 2676 Buecheler
1161 2619 1242 2695 apud
1266 2619 1347 2680 Wol-

168 2739 294 2798 tersium
318 2758 346 2814 p.
368 2740 428 2796 107
454 2757 483 2796 n.
504 2740 542 2810 33
571 2733 625 2813 τὴν
650 2734 780 2794 correxit
807 2725 963 2815 Duebner)
992 2719 1158 2813 στρυίτωίιτΑ
1178 2727 1220 2814 (h.
1242 2754 1265 2794 e.
1290 2744 1348 2796 τῶν

168 2883 221 2940 pro
252 2854 320 2943 τοῦ)
347 2859 472 2942 reparat
507 2838 621 2920 παιδικΛ
653 2867 768 2936 μοῦσαν
802 2856 1040 2937 ἕπεκρυιμάμην,
1072 2853 1111 2935 ἣν
1145 2838 1199 2917 ool
1225 2858 1345 2930 παίζων.

169 2968 208 3065 rai
230 2986 300 3057 τοὺς
322 2990 448 3063 πλησίον
471 2983 675 3059 ἐπεδείκνυτο,
698 2980 802 3063 τέρψιν
826 2981 937 3042 οίκειαν
961 2981 1016 3058 τὴν
1039 2980 1217 3063 ἀπαγγελίαν
1244 2978 1260 3042 ἓ
1285 2982 1347 3044 ἐπι-

168 3103 305 3190 γραμμαῖ
324 3108 360 3169 οὐ
387 3105 405 3168 τ’
434 3119 510 3169 νοῦν
533 3095 689 3188 ποιούμεί·
718 3104 784 3186 ἕχον
811 3105 915 3166 τοίνυν
938 3096 954 3166 i
975 3107 1003 3180 εξ
1033 3151 1040 3166 .
1070 3104 1103 3166 ἐν
1126 3105 1251 3189 χορέιαις
1272 3084 1306 3168 P*
1328 3106 1350 3187 ἡ

167 3248 199 3307 γε
223 3225 350 3306 σώφρων
379 3211 458 3285 κάτ’
487 3219 591 3303 τραγιιί
621 3222 657 3284 οὐ
686 3219 908 3305 διαφθαρήσεγ.
938 3254 980 3263 -
1009 3224 1152 3283 Auctoris
1184 3243 1292 3283 nomen
1316 3226 1347 3283 M

168 3327 282 3397 servat;
312 3325 336 3380 V
361 3325 503 3381 lemmate
527 3326 624 3399 earet,
653 3323 704 3381 sed
727 3340 834 3379 manus
858 3321 1064 3380 recentissima
1088 3316 1216 3401 (Angeli
1239 3315 1361 3407 Maria),

167 3419 281 3482 ibidem
309 3423 447 3481 notulam
476 3420 609 3481 adlevit:
640 3419 839 3500 στράτωνος
866 3419 1093 3497 Anthologia
1122 3419 1237 3480 Palat.
1266 3420 1345 3480 Vat.

165 3519 246 3580 eoo.
262 3523 302 3579 33
323 3541 352 3596 p.
374 3521 436 3578 569
458 3539 563 3595 quam
584 3518 835 3596 anthologiam
854 3518 995 3577 omnino
1020 3518 1347 3578 consulerelootor

165 3617 276 3676 debet
300 3618 330 3676 si
354 3615 539 3693 σφάλματα
562 3617 684 3677 nostri
707 3616 845 3675 codicis
869 3616 972 3691 eupit
996 3616 1193 3677 emendare.

255 3707 271 3770 l
298 3711 486 3793 ἀρχοίμεσθα]
513 3711 681 3793 ἀρχόμεσθα
704 3715 749 3786 Μ,
774 3711 926 3793 ἀρχόμεθα
951 3710 1004 3791 Vl}
1023 3711 1152 3792 εἴρηκεν]
1173 3713 1290 3792 είρηκεν
1313 3716 1345 3789 P,

163 3811 277 3890 ἔκρινεν
299 3816 412 3872 temere
432 3813 463 3870 in
487 3813 661 3890 apographo
680 3812 825 3871 Vossiano
842 3811 887 3889 (et
909 3811 1073 3890 Lipsiensi)
1095 3815 1141 3870 est
1164 3815 1316 3871 mutatum
1337 3805 1345 3892 ξ

158 3897 435 3988 ’ἉρατυςΓΌμηρος
454 3910 518 3967 MV
534 3931 569 3968 ex
584 3911 825 3987 interpolatione,
845 3929 922 3986 quae
942 3929 978 3968 ex
993 3911 1135 3969 Palladae
1150 3911 1243 3988 epigr.
1259 3911 1295 3970 A.
1311 3911 1344 3977 P.

167 4008 193 4064 X
210 4010 260 4077 50,
280 4011 293 4063 1
311 4003 365 4082 τὴν
385 4007 501 4085 Κίρκην
520 4005 557 4068 οὔ
572 4031 660 4086 φημι,
678 4005 781 4079 καθὼς
800 4006 916 4086 εἴρηκεν
926 4002 1058 4087 Ὅμηρος
1077 4009 1223 4086 originem
1242 4009 1344 4082 traxit,

166 4104 224 4164 nisi
248 4105 326 4163 forte
351 4123 385 4161 ex
408 4105 510 4182 glossa
528 4102 568 4176 ὡς
582 4100 725 4186 Ὅμηρος,
748 4125 825 4183 quae
845 4106 883 4164 ad
902 4128 929 4166 τ,
950 4109 967 4163 2
988 4106 1161 4185 pertineret,
1185 4107 1321 4168 manarit
1335 4146 1343 4187 ρ

169 4198 189 4263 3
213 4201 322 4271 παῖδας
345 4222 374 4260 τε
397 4202 428 4258 Μ
445 4198 456 4278 ll
474 4195 495 4259 4
516 4197 740 4278 Ἑλικωνιάἀας]
760 4202 958 4274 {liumating
981 4203 1053 4261 MV.
1078 4238 1120 4244 —
