3008 4958
652 267 872 328 ,52-

168 431 329 511 φιλόγλαον
357 435 460 489 utrum
489 449 559 488 eum
578 424 695 510 Ἔρωτα
722 432 834 488 rectius
864 449 902 488 an
931 449 999 488 eum
1019 425 1131 511 Ἑρμῆν
1160 431 1371 507 iungeretur,-

168 530 336 587 ldeinekius
377 530 491 587 Deleot.
527 532 686 604 poetarum
720 529 812 587 Anth.
847 527 896 586 Gr.
937 549 964 604 p.
992 533 1051 588 101
1090 529 1263 614 dubitabat,
1299 529 1350 586 oui

169 627 203 685 G.
224 627 414 687 Hermannus
440 628 560 685 Wiener
586 627 778 684 Jahrbiioher
806 626 865 685 vol.
890 625 956 683 ΟΝ
987 618 1103 706 (1843)
1133 648 1161 701 p.
1186 629 1248 686 229
1274 627 1350 684 haee

168 726 321 800 opposuit:
346 719 418 783 ‘Das
442 726 575 800 letalem,
600 725 689 782 sollte
715 724 763 782 ioh
783 723 908 799 denken‚
934 725 1060 800 drangte
1082 724 1145 781 sieh
1169 743 1228 784 von
1252 725 1348 782 selbst

168 824 212 881 als
237 825 289 881 das
313 823 424 880 Wahre
449 816 526 880 auf'.
567 822 718 898 Equidem
742 820 904 899 φιλόγλαον
923 822 1071 880 formulae
1092 819 1128 880 οὐ
1147 819 1187 899 μόι
1209 819 1260 880 τὸν
1280 817 1349 900 Ἑρ-

167 927 227 997 μῆν
256 920 399 996 praeponi
426 938 485 978 non
513 937 600 995 posse
630 919 773 995 concedo,
811 922 901 979 simul
929 939 1000 979 vero
1031 920 1214 979 adieetivum
1242 920 1348 978 Amori

167 1019 259 1094 male,
287 1018 435 1076 Merourio
465 1017 577 1093 optime
601 1019 759 1077 convenire
787 1006 903 1092 iudico}
927 1021 993 1075 tum
1016 1017 1159 1076 Amorem
1184 1017 1348 1092 commode,

167 1117 350 1173 Mercurium
369 1134 457 1192 aegre
478 1115 613 1191 epitheto
633 1134 735 1173 carere
754 1133 867 1174 censeo.
910 1113 993 1183 Quae
1012 1134 1081 1172 oum
1100 1115 1144 1172 ita
1159 1114 1227 1191 sint,
1252 1114 1347 1172 haud-

168 1233 320 1291 quaquam
343 1212 505 1291 φιλόγλαον
524 1213 555 1270 in
575 1213 747 1293 πανόγλαον
768 1207 831 1292 (τὸν
850 1209 971 1292 ἀγλαόν,
990 1205 1057 1290 μόλ’
1079 1204 1202 1293 ἀγλαὸν)
1227 1215 1347 1270 mutan-

167 1313 239 1370 dum
267 1316 325 1388 est,
353 1315 389 1369 ut
416 1311 667 1386 praecedentibus
696 1315 802 1387 aptum
834 1310 1017 1370 adieetivum
1050 1309 1265 1386 subiungatur,
1294 1311 1347 1368 sed

168 1408 204 1468 οὐ
237 1408 276 1487 μὰ
308 1407 360 1468 τὸν
388 1409 496 1467 mendo
529 1410 666 1468 laborare
704 1410 855 1486 sequitur3
888 1403 1017 1466 conicio:
1054 1405 1103 1481 παὶ
1141 1406 1242 1483 σταίης
1272 1401 1343 1485 παρ’

159 1503 286 1587 Ἔρωτα,
310 1505 473 1585 φιλόγλαον
498 1502 658 1584 όμννμαι
677 1503 806 1586 Ἑρμῆν,
830 1506 866 1563 cf.
890 1505 1043 1581 Meleager
1065 1504 1100 1561 A.
1120 1504 1151 1562 P.
1172 1505 1231 1562 XII
1256 1507 1306 1581 76,
1327 1508 1346 1566 3

167 1603 237 1681 οὐκ,
264 1602 356 1663 αὐτὸν
384 1601 435 1662 τὸν
463 1602 575 1664 πτανὸν
609 1603 791 1683 ἐπόμνυμαι,
815 1596 917 1662 οὔποτ’
948 1599 986 1661 div
1014 1599 1108 1682 ἔγνων
1133 1605 1137 1677 l
1162 1599 1194 1660 ἐκ
1218 1610 1347 1680 μορφᾶς,

163 1794 310 1879 Ἀντίοχος
334 1796 387 1877 μὲν
410 1799 415 1875 Ι
434 1791 472 1877 ἦν
495 1797 533 1858 div
550 1795 658 1880 Ἔρως,
683 1796 697 1858 ὁ
723 1795 750 1858 δ’
769 1796 866 1879 Ἔρως
894 1795 1039 1876 τᾶμπαλιν
1061 1791 1206 1876 Ἀντίοχος
1224 1795 1234 1875 ΙΙ
1252 1797 1345 1874 οόμα-

165 1896 216 1956 τὸν
240 1899 263 1955 Ρ
282 1894 292 1975 II
310 1906 401 1977 ερμῆν
420 1898 453 1974 P,
471 1895 564 1977 ἕρμην
585 1900 616 1956 M
634 1895 644 1976 II
663 1891 684 1956 4
704 1921 779 1975 αντη
798 1899 822 1956 Ρ
840 1895 850 1973 ii
868 1893 994 1972 τέτοκεν]
1015 1900 1095 1954 reete
1114 1896 1176 1953 MV
1197 1896 1345 1972 exhibent,

166 2015 263 2071 neque
288 1997 378 2054 aliter
403 1996 572 2053 Brunokius
596 1997 738 2055 correxit:
762 1991 858 2055 vireas
880 1995 913 2053 P.
936 2027 972 2034 —

545 2221 645 2288 XXX.
667 2218 965 2304 Ἀσκληπιάδου.

256 2350 299 2410 Εἰ
319 2347 421 2428 πτερά
444 2364 497 2411 σοι
521 2345 719 2432 προςέκειτο,
744 2345 798 2410 καὶ
823 2346 859 2410 ἐν
882 2343 952 2431 χερὶ
977 2343 1054 2421 τόξα
1077 2341 1131 2407 καὶ
1156 2346 1211 2424 loc,

299 2454 365 2547 oda
384 2452 425 2517 dv
440 2452 548 2550 Ἔρως
572 2453 700 2539 ἐγράφη
726 2453 906 2538 Κύπριδος,
931 2452 1013 2516 ἀλλὰ
1036 2452 1090 2532 σύ,
1114 2462 1198 2526 παῖς.

606 2611 769 2666 Adnotatlo
788 2611 911 2666 orition:

253 2746 289 2804 A.
308 2745 340 2803 P.
359 2745 418 2803 rm
439 2746 488 2820 75,
512 2744 566 2801 uei
588 2744 613 2801 Β
638 2704 788 2820 patrimi
812 2743 979 2818 aeserpse.

256 2837 273 2900 l
300 2840 402 2922 πτερὰ]
427 2837 536 2921 πατέρα
560 2841 586 2896 V
609 2837 619 2920 ΙΙ
641 2839 715 2920 χερὶ]
741 2839 813 2921 χειρὶ
836 2842 863 2897 V
885 2837 895 2917 ΙΙ
923 2833 1012 2913 lsll.
1036 2838 1092 2917 ιὀί,Ι
1113 2837 1116 2911 i
1144 2837 1199 2898 οὐκ
1222 2835 1273 2913 liv]
1299 2836 1340 2896 iol

165 2940 201 3000 ori
222 2937 225 3020 I
246 2938 303 3000 κόν
326 2942 357 2999 Μ
379 2937 389 3017 {i
416 2933 436 2998 2
462 2937 530 3014 οὐκ]
556 2936 631 3016 odda
659 2939 687 2995 V
711 2935 721 3016 ΙΙ
743 2937 826 3013 παῖς]
851 2958 905 3014 pro
930 2937 1067 2998 vocativo
1093 2957 1111 2993 a
1134 2937 1269 2994 Iaoobsio
1293 2955 1341 2992 ae-

165 3044 286 3116 ceptum
311 3059 375 3098 esse
394 3058 552 3115 perperam
582 3038 748 3095 Meinelrius
774 3039 887 3095 Deleet.
910 3057 938 3111 p.
966 3038 1023 3093 101
1053 3054 1088 3092 ex
1108 3033 1340 3109 interpungendi

164 3138 280 3196 ratione
307 3131 394 3218 (ἀλλὰ
418 3136 470 3213 ori,
497 3129 582 3217 παῖς)
606 3136 766 3211 eonelusIt3
794 3139 852 3193 παῖ
875 3135 988 3191 frustra
1012 3132 1177 3189 Salmasius
1205 3133 1234 3188 in
1263 3150 1340 3187 mar-

168 3235 237 3312 gine
262 3236 427 3312 apographi
454 3234 607 3293 Guietiani
631 3235 803 3310 reponebat.
827 3265 870 3273 —

549 3441 674 3506 XXXI.
704 3440 950 3524 Melanippen.

257 3569 301 3630 Εἰ
322 3569 366 3650 μὴ
390 3565 486 3644 τόξον
501 3565 609 3652 Ἔρως
632 3562 715 3650 μηδὲ
738 3566 840 3650 πτερὰ
864 3560 947 3647 μηδὲ
971 3562 1139 3647 φαρέτραν

299 3670 382 3757 μηδὲ
405 3677 630 3758 πνριβλητονς
652 3668 717 3756 εἶχε
741 3674 860 3736 πόθων
884 3670 1010 3750 ἀκίδας,

257 3780 329 3853 οὐκ,
354 3780 456 3844 αὐτὸν
479 3781 538 3843 τὸν
561 3782 687 3843 πτανὸν
711 3777 908 3862 ἐπόμνυμαι,
932 3773 1046 3840 οὔποτ’
1073 3776 1115 3839 ἂν
1135 3780 1242 3858 ἔγνων

299 3886 334 3950 ἐκ
357 3895 498 3972 μορφᾶς,
520 3890 570 3962 τίς
594 3889 658 3970 ἔφυ
683 3888 810 3960 Ζωΐλος
832 3884 852 3966 ἢ
877 3888 925 3959 τίς
939 3882 1054 3969 Ἔρως.
1201 3872 1208 3887 ’

599 4042 761 4096 Adnotntio
780 4041 904 4095 oritimt

253 4160 289 4217 A.
309 4160 340 4219 Ρ,
360 4160 417 4218 XII
439 4163 488 4234 76,
511 4159 563 4217 ubi
587 4158 612 4215 B
637 4153 757 4235 μελεαγρ
780 4156 907 4231 scripsit.

258 4250 273 4314 l
301 4253 375 4335 μηδὲ
402 4289 443 4303 --
465 4252 552 4332 μηὸὲΙ
578 4253 618 4333 μὴ
643 4251 674 4312 δὲ
698 4285 740 4293 -
764 4249 805 4330 μὴ
834 4248 866 4309 δὲ
889 4253 949 4311 PM
971 4249 982 4330 II
1004 4249 1165 4331 φαρέτραν]
1190 4248 1339 4331 φαρέτρην

165 4355 195 4410 Μ
204 4354 229 4410 V
255 4350 265 4431 II
288 4348 308 4412 2
339 4350 425 4430 μηδὲ]
455 4351 495 4429 μη
525 4349 555 4410 δὲ
580 4353 638 4409 ΡΜ
663 4348 673 4428 ΙΙ
694 4351 907 4431 πνριβλήτονς]
939 4350 1131 4431 περιβλήτονς
1164 4349 1338 4426 apographa
