3008 4958
697 175 912 239 -98-

213 341 266 414 133
288 340 407 414 215⁸,6
429 332 520 419 (llus
539 339 633 396 Rhen.
657 340 715 398 vol.
730 339 857 396 XXXIV
880 371 916 379 —
942 341 1025 398 1879
1050 371 1086 378 -
1108 361 1136 415 p.
1158 330 1244 420 183),
1266 342 1387 415 655“,7

211 427 297 516 (ibid.
320 458 349 513 p.
371 429 457 517 192).
482 469 524 478 —-
547 437 593 494 Ex
621 437 689 495 aliis
713 436 914 513 ¹scriptoribus
942 439 1042 514 locos,
1072 439 1125 514 qui
1153 439 1211 496 huc
1241 442 1390 525 spectant,

210 534 360 609 adponere
390 535 583 611 supersede03
618 554 672 593 nec
703 538 804 593 tamen
833 536 1016 613 Theognidis
1046 555 1166 597 versum
1201 540 1285 597 1206
1321 534 1389 596 οὔτε

210 628 282 689 ιιατά
305 631 462 711 βλεφάρων
486 630 584 712 θερμὰ
603 631 689 710 βάλοι
713 631 828 711 δάκρυα
852 634 971 693 silentio
994 635 1159 711 praeterire
1178 653 1311 712 possum,
1335 636 1388 693 ubi
1437 627 1441 634 ’

209 727 339 787 editores
362 731 502 788 certatim
526 749 595 787 cum
616 729 768 789 Passowio
789 727 855 790 οὔτε
878 729 952 790 κατά
975 731 1131 811 βλεφάρων
1150 731 1265 812 δάκρυα
1284 731 1383 813 θερμά

210 826 296 905 βάλοι
314 831 474 904 temptant.
493 824 504 904 Ι]
524 820 541 884 l
560 838 612 900 sq.
639 826 767 885 Φιλαινί.
785 822 796 904 ΙΙ
807 821 895 887 Οἶδα·
921 827 1030 906 φιλεῖς]
1054 836 1124 906 post
1142 831 1299 889 Reiskium
1323 850 1386 890 cor·

209 927 289 984 rexit
310 926 439 985 Bothius
464 925 544 1002 apud
567 925 775 983 Duebnerum:
806 926 935 1010 Φιλαινί,
956 928 960 991 Ι
981 920 1064 1005 οῖδα,
1092 932 1187 1004 φιλεῖς
1215 929 1387 988 Brunclrius

211 1028 241 1083 et
255 1025 409 1084 lacobsius
425 1025 579 1103 exhibent5
598 1025 629 1083 in
647 1024 672 1082 P
691 1027 808 1100 etpost
829 1025 952 1084 Φιλαινί
973 1030 1004 1084 et
1022 1032 1092 1103 post
1110 1019 1177 1086 olda
1196 1025 1218 1085 O
1238 1030 1387 1103 punctum

210 1122 334 1198 adiecit3
358 1123 424 1182 MV
447 1123 640 1181 distinctione
673 1126 777 1180 carent
798 1117 809 1201 Ι]
834 1117 854 1180 2
884 1115 964 1183 οῖδα·
993 1128 1088 1200 φιλεῖς
1117 1122 1173 1203 γάρ
1204 1123 1291 1200 ὅλως]
1319 1117 1388 1184 οἴδα

209 1223 356 1295 φιλοῦσαν
385 1219 458 1292 ὅλως
491 1214 519 1280 σ’
554 1224 666 1279 temere
694 1221 727 1278 F.
751 1220 799 1280 W.
824 1220 1007 1279 Schmidtius
1035 1221 1113 1280 Krit.
1146 1221 1230 1280 Stud.
1261 1223 1321 1282 vol.
1340 1222 1388 1280 ΙΠ

209 1339 237 1393 p.
260 1321 322 1377 104
351 1320 490 1394 coniecit,
521 1320 557 1377 de
587 1318 726 1376 absoluto
759 1319 841 1377 vocis
869 1310 936 1377 οῖδα
965 1338 1025 1376 usu
1055 1319 1196 1378 dubitans
1221 1320 1258 1377 cf.
1283 1322 1385 1379 tamen

210 1415 359 1475 Homerus
386 1417 422 1474 ll.
449 1420 480 1493 1,
505 1419 567 1475 365
598 1408 701 1474 οἶσθα·
734 1414 763 1473 τί
792 1412 857 1492 ἤτοι
884 1425 976 1475 ταῦτα
1004 1415 1085 1500 ἰδνίη
1105 1409 1205 1476 πάντ’
1240 1413 1387 1499 άνορεύω;

212 1512 266 1573 Od.
286 1516 315 1590 4,
335 1517 397 1574 465
423 1505 514 1572 οἶσθα
531 1509 631 1593 γέρον·
655 1512 684 1571 τί
706 1534 740 1590 με
763 1522 854 1573 ταῦτα
876 1512 1087 1593 παρατροπέων
1110 1511 1258 1593 ἕρεείνειςς
1289 1515 1385 1574 Theo-

147 1675 150 1679 ,
211 1611 305 1669 oritus
328 1611 372 1671 Id.
396 1610 512 1675 XXVII
535 1614 576 1670 43
602 1603 675 1688 οἷδ’,
698 1607 774 1690 άιιρα
797 1609 877 1688 τιμίη
896 1609 970 1670 ε’σσί·
994 1609 1089 1691 πατὴρ
1114 1609 1146 1670 de'
1168 1611 1216 1670 τοί
1236 1609 1296 1671 ἐστι
1317 1615 1384 1672 Με-

209 1707 330 1786 νάλιιας,
352 1709 471 1767 Marcus
495 1709 696 1786 Argentarius
720 1709 747 1765 A
771 1708 803 1765 P.
826 1708 853 1763 V
875 1711 929 1785 32,
952 1713 1026 1785 lsq.
1055 1713 1149 1779 ποιεῖς
1176 1708 1286 1786 πάντα,
1319 1706 1387 1768 Μέ-

211 1809 305 1883 λισσα,
328 1803 492 1882 φιλανθέος
511 1804 580 1887 ἔργα
604 1805 754 1884 μελίσσης·
775 1805 779 1878 I
801 1799 869 1865 olda
891 1804 941 1865 καί
963 1804 993 1877 ἔς
1017 1807 1144 1886 κραδίην
1167 1816 1265 1885 τοῦτο,
1287 1808 1387 1887 γύναι,

211 1904 329 1982 τίθεμαι
347 1902 357 1985 Ι]
376 1901 396 1966 3
415 1903 534 1981 τοῦτον]
560 1903 646 1964 τοῦτό
669 1897 697 1983 γ’
723 1905 894 1979 temptabat
916 1905 1100 1983 BrunckiuS,
1125 1904 1236 1966 τυτθὸν
1260 1907 1388 1965 coniecit

212 2003 447 2062 Friedemannus
472 1999 523 2061 ‘de
547 2003 646 2060 media
671 2002 788 2077 syllaba
810 2004 992 2079 pentametri
1017 1999 1139 2062 Graeci’
1168 1997 1214 2084 (in
1238 2003 1387 2080 Spitzneri

210 2101 286 2160 libro
315 2097 454 2180 laudato)
478 2123 506 2178 p.
528 2103 605 2177 3553
634 2100 659 2158 si
688 2100 760 2176 quid
790 2101 983 2176 mutandum,
1012 2102 1151 2178 equidem
1180 2100 1285 2161 τόσσον
1314 2104 1387 2161 scri-

209 2200 321 2275 pserim
339 2196 349 2278 [Ι
366 2197 444 2278 ἐμοὶ]
469 2200 500 2256 in
523 2199 547 2256 P
571 2201 697 2256 accentu
720 2199 864 2258 instruxit
883 2197 905 2256 O
923 2194 933 2275 Ι]
951 2195 1060 2280 ἕτερός]
1081 2196 1176 2279 aaa
1196 2201 1219 2257 Ρ
1239 2195 1315 2279 (scil.
1340 2221 1385 2259 se·

209 2299 340 2355 cundum
364 2301 520 2356 accentum
544 2297 571 2354 A
595 2298 716 2355 eradere
740 2297 885 2374 neglexit3
909 2302 1065 2372 praeterea
1084 2299 1225 2374 spiritum
1243 2317 1385 2374 asperum

210 2394 232 2453 U
255 2415 309 2471 pro
334 2396 395 2453 leni
418 2389 582 2472 restituit),
613 2391 709 2473 ἕτερος
735 2397 764 2452 Μ
782 2392 792 2471 Ι]
815 2389 837 2454 4
861 2393 973 2471 φιλεῖν]
998 2392 1108 2473 φιλέειν
1132 2395 1169 2472 V,
1197 2392 1303 2473 φιλίην
1327 2397 1359 2454 Μ
1376 2389 1386 2478 Ι]

209 2493 307 2570 μεῖζον
330 2492 458 2569 ἐκεῖνον]
483 2498 583 2553 κεῖνον
606 2493 707 2570 μεῖζον
730 2492 802 2551 MV.
830 2525 866 2532 —

600 2781 683 2844 LIII.
708 2780 1003 2865 <Μελεάγροω>

276 2931 381 3015 <acea
406 2933 595 3014 Λυκαινίδι,
620 2934 766 3015 Δορκάς·
791 2932 857 2995 ‘dd'
883 2933 926 3008 ὡς
950 2932 1103 3016 έπίτηκτα
1127 2934 1294 3016 φιλοῦσα)

344 3040 444 3127 ἥλως·
469 3040 510 3103 οὐ
532 3041 668 3123 κρύπτει
692 3040 839 3104 πλαστὸν
863 3042 968 3123 ἔρωτα
990 3043 1118 3124 χρόνος.

642 3250 805 3305 adnotatio
825 3250 949 3311 criticae

297 3383 332 3442 A.
355 3384 386 3440 Ρ.
405 3384 433 3439 V
456 3386 531 3460 187,
553 3383 606 3441 ubi
629 3383 657 3442 A
685 3383 844 3465 μελεάγρου
877 3385 1005 3461 scripsit.
1056 3385 1186 3443 Exhibet
1214 3387 1306 3444 etiam
1338 3406 1384 3445 re-

210 3482 308 3540 censio
332 3481 486 3539 Planudea
510 3475 584 3559 (VII
607 3503 635 3539 n.
656 3485 694 3540 17
723 3483 742 3542 f.
765 3479 835 3563 691)
861 3503 929 3542 cum
952 3485 1094 3542 lemmate
1117 3492 1170 3542 τοῦ
1195 3482 1287 3543 αὐτοῦ
1310 3485 1340 3542 h.
1360 3505 1385 3543 e.

210 3578 394 3660 Μελεάγρου.
413 3611 447 3620 -
471 3579 631 3655 Appendix
645 3584 749 3639 nostra
762 3601 859 3658 neque
879 3583 989 3640 lemma
1002 3601 1100 3658 neque
1114 3600 1236 3642 versum
1253 3583 1385 3658 pri0rem

209 3678 380 3755 adgnoscit:
411 3679 443 3735 in
470 3678 497 3733 V
531 3678 652 3754 quidem
677 3679 767 3737 unius
800 3680 898 3737 lineae
931 3679 1064 3755 spatium
1096 3700 1226 3740 vacuum
1258 3683 1331 3739 nota
1357 3690 1385 3742 ÷

210 3777 362 3853 signatum
394 3776 589 3853 relinquitur,
623 3779 728 3835 contra
758 3777 788 3834 M
821 3778 906 3836 nulla
939 3777 1131 3836 distinctione
1164 3779 1246 3836 facta
1277 3781 1384 3854 penta—

209 3877 339 3932 metrum
368 3874 578 3950 epigrammati
600 3874 791 3950 praecedenti
820 3875 966 3952 adnectit,
994 3876 1073 3933 unde
1101 3876 1132 3933 in
1160 3876 1297 3934 codicum
1320 3876 1384 3934 MV

209 3972 372 4047 archetypo
401 3972 503 4030 eodem
536 3973 624 4030 modo
653 3977 745 4048 atque
778 3973 809 4030 in
838 3973 1024 4049 Anthologia
1057 3973 1197 4032 Palatina
1228 3973 1384 4049 Posidippi

208 4088 326 4127 carmen
350 4069 386 4127 A.
407 4070 438 4128 P.
456 4069 485 4125 V
507 4073 567 4129 186
596 4089 805 4146 praegressum
834 4088 897 4129 esse
921 4071 1029 4129 elucet.
1062 4103 1101 4110 —
1131 4053 1272 4130 Oetemrn
1300 4074 1382 4129 recte

209 4167 358 4226 distichon
387 4170 524 4226 nostrum
553 4168 763 4245 epigrammati
786 4167 821 4226 A.
842 4169 919 4228 RV
942 4171 1004 4226 182
1032 4168 1287 4244 praemittendum
1317 4187 1383 4228 esse

208 4264 461 4341 Wyttenbachius
483 4266 627 4323 Biblioth.
653 4265 725 4324 crit.
749 4266 878 4325 vol.12
905 4258 1022 4346 (1777)
1046 4287 1072 4342 p.
1094 4270 1134 4326 29
1160 4267 1276 4325 statuit.
