3008 4958
590 245 830 309 -107-

235 415 297 472 756
323 409 423 490 ἠελίου
447 409 487 481 ὥς
510 408 553 481 τίς
576 431 605 468 τε
629 407 731 487 δόμοις
755 405 809 468 ἔνι
830 405 1004 490 πάλλεται*)
1027 410 1130 489 αἴγλη,

142 510 185 568 lV
232 512 294 569 188
319 508 448 588 κάββαλε
472 507 629 588 νηγάτεον·
653 507 775 591 πρύμνη
799 501 827 565 δ’
854 504 907 566 ἐνί
930 503 1083 585 atamen)
1109 509 1230 589 κούρην.
1264 544 1297 550 --

211 652 303 729 Apud
325 652 503 711 Marcellum
523 651 656 710 Sidetam
678 650 912 727 praepositionis
936 650 1033 709 forma
1055 647 1116 728 ἐνί,
1139 669 1208 710 cnm
1232 670 1297 728 per·

119 770 234 830 paucos
257 751 391 809 eiusdem
414 751 522 826 poetae
545 770 650 811 versus
679 753 762 810 aetas
786 749 905 826 tulerit,
937 749 1005 808 aliis
1034 749 1179 825 exemplis
1202 768 1299 825 neque

122 848 312 925 comprobem
338 867 436 924 neque
464 848 562 906 refelli
592 851 705 925 potest;
738 848 842 923 itaque
876 865 938 905 rem
967 847 998 904 in
1026 846 1124 904 medio
1151 847 1298 923 relinquo.

123 948 250 1008 Omnem
264 946 515 1021 disceptationem
530 944 563 1006 G.
578 946 744 1004 Hermanni
758 945 932 1004 coniectura
946 944 1060 1027 μεγάλῳ
1076 936 1143 1022 (pro
1158 935 1300 1025 μεγάλου)

125 1047 256 1120 tolleret,
269 1075 304 1084 -
318 1046 452 1102 attamen
467 1043 611 1103 traditam
624 1044 785 1102 lectionem
801 1042 913 1119 optime
926 1042 1114 1101 Arohestrati
1129 1042 1299 1118 fragmento

124 1137 221 1226 (apud
244 1142 434 1200 Athenaeum
453 1141 513 1199 VH
531 1162 559 1216 p.
575 1144 638 1200 293
660 1133 711 1221 δ’)
734 1138 887 1220 γόγγρου
912 1135 965 1216 μὲν
984 1138 1040 1219 γάρ
1059 1137 1131 1218 ἔχεις
1154 1137 1298 1216 κεφαλήν,

122 1241 221 1318 φίλος,
243 1237 275 1300 ἕν
298 1243 433 1298 Σικυῶνι
453 1235 457 1315 )
478 1237 594 1315 πίονος,
613 1237 749 1318 ἰσχυροῦ,
772 1237 943 1317 μεγάλου,
966 1235 1016 1296 καὶ
1038 1237 1134 1296 πάντα
1156 1235 1192 1296 τδι
1215 1240 1300 1296 κοῖλα

123 1341 235 1416 optime
260 1337 378 1397 defendi
402 1341 483 1396 reete
507 1340 609 1395 monet
627 1338 666 1396 M.
682 1337 844 1395 Schneider
868 1336 1080 1395 Commentatt.
1104 1335 1299 1395 Ribbechian.

126 1428 243 1516 (1888)
266 1457 294 1512 p.
312 1438 384 1495 130.
411 1467 447 1475 -

211 1533 302 1610 Apud
320 1532 486 1591 Maximum
508 1553 536 1591 v.
562 1535 626 1592 500
649 1529 695 1592 ἐνί
716 1552 770 1610 pro
794 1530 842 1591 ἐπὶ
865 1532 1060 1592 Ludwiohius
1084 1533 1226 1604 correxit,
1252 1534 1301 1592 cui

122 1634 312 1692 coniecturae
340 1631 441 1689 Nonni
475 1630 605 1689 imitatio
640 1632 762 1707 Dionys.
789 1631 902 1690 XLVII
928 1634 966 1691 69
999 1635 1185 1690 momentum
1217 1631 1298 1690 facit.

96 1792 99 1797 ,
120 1731 269 1806 Exempla
287 1747 358 1789 vero
378 1728 417 1787 ad
434 1746 524 1787 usum
544 1747 732 1788 communem
751 1728 980 1787 adcommodata
999 1729 1120 1787 omnino
1140 1748 1200 1787 non
1219 1748 1297 1789 com·

121 1817 314 1906 parent.***)
340 1859 381 1866 -

210 1926 245 1983 In
268 1926 380 2002 hymno
405 1923 547 2002 Orphino,
571 1925 657 1983 ouius
685 1928 792 1984 auctor
820 1927 940 1984 saeculo
968 1925 1065 2001 primo
1092 1927 1142 1986 vel
1170 1927 1299 1985 secundo

121 2044 151 2100 p.
171 2023 237 2082 Ohr.
265 2043 293 2083 n.
322 2023 432 2083 vixisse
464 2023 601 2098 videtur,
635 2023 772 2082 codicum
804 2024 971 2082 auctoritas
1004 2025 1133 2100 gemello
1167 2024 1301 2083 eiusdem

123 2121 255 2180 auctoris
274 2140 364 2181 versu
378 2120 447 2178 LVI
463 2124 480 2180 5
497 2120 697 2198 σβεννύμενος
716 2120 840 2197 λάμπων
859 2142 888 2179 τε
906 2125 1009 2192 καλαῖς
1029 2114 1108 2203 ἐνί)
1128 2121 1300 2182 κυκλάσιν

123 2217 230 2299 ὥραις
246 2220 394 2295 elevatum
411 2238 502 2295 quare
514 2215 546 2277 ἕν
562 2220 725 2296 genuinam
744 2219 925 2295 scripturam
940 2220 1032 2279 fuisse
1049 2221 1191 2296 suspicor.
1215 2221 1300 2278 Nihil

123 2336 194 2378 vero
218 2317 348 2393 probant
374 2317 541 2375 contrariae
565 2318 691 2376 rationis
711 2318 848 2393 exempla
871 2318 1031 2378 eLithiois
1056 2322 1087 2378 et
1109 2319 1300 2396 Fragmentis

123 2417 257 2491 prolata,
295 2415 443 2492 siquidem
476 2433 566 2491 opera
594 2415 647 2473 illa
679 2417 800 2490 praeter
836 2417 1013 2476 ementitum
1047 2417 1160 2494 Orphei
1190 2436 1299 2476 nomen

123 2532 190 2572 cum
222 2513 350 2590 Hymnis
383 2513 459 2570 nihil
491 2531 647 2571 commune
684 2514 812 2590 habent3
851 2518 983 2574 ceterum
1017 2515 1136 2575 Lithioa
1168 2514 1320 2573 alterum

124 2614 294 2687 exemplum
322 2612 360 2669 ad
389 2631 524 2670 normam
555 2612 754 2686 compositum
783 2612 926 2672 offerunt:
954 2635 982 2673 v.
1006 2615 1069 2672 432
1100 2610 1177 2690 cippi
1206 2635 1299 2690 κυνη-

122 2707 236 2792 γεσίησι
258 2706 356 2787 με’νων
378 2706 416 2768 ἐν
443 2708 584 2789 τάρφεσιν
604 2704 701 2787 Ἴδης,
729 2711 808 2768 unde
836 2729 927 2770 versu
951 2713 1013 2770 378
1038 2707 1070 2769 ἕν
1094 2712 1299 2788 reponendum

123 2807 254 2884 videtum
282 2808 313 2865 in
341 2807 511 2884 fragmento
541 2812 643 2867 antem
671 2809 768 2867 forma
795 2804 841 2867 ἐνί
869 2809 1038 2885 anaphoras
1065 2810 1182 2869 ratione
1212 2829 1298 2868 excu-

122 2901 284 2985 satur.††)
308 2938 349 2946 κ-

212 3003 418 3080 Oppianormn
441 3005 532 3078 Ιοοοε,
556 3024 624 3063 cum
648 3005 815 3064 contrariae
838 3005 965 3064 rationis
989 3006 1125 3082 exempla
1147 3025 1207 3064 non
1231 3024 1298 3065 suc-

124 3104 255 3179 currant,
278 3104 402 3178 tangere
426 3102 509 3177 nolo;
539 3105 672 3161 ceterum
695 3103 841 3161 librorum
865 3103 1010 3162 memoria
1034 3104 1126 3162 etiam
1148 3104 1179 3162 in
1203 3105 1299 3163 altera

124 3200 219 3258 classe
243 3200 453 3258 tantummodo
476 3195 521 3258 ἐνί
544 3191 617 3280 (ἔνι)
642 3200 801 3277 adgnoscit
824 3202 860 3259 cf.
880 3201 1013 3260 Halieut.
1033 3202 1140 3278 14073
1160 3202 1203 3260 IV
1218 3205 1297 3275 4443

123 3297 151 3354 V
170 3299 244 3357 337.
269 3299 345 3373 6293
370 3328 412 3337 -
436 3296 548 3374 Cyneg.
567 3297 597 3355 H
622 3299 700 3372 344;
725 3298 772 3356 ΙΠ
792 3301 863 3359 365.
885 3301 963 3377 4513
986 3300 1030 3358 IV
1049 3302 1121 3359 442.
1150 3332 1187 3342 —

199 3521 225 3589 ³¹²)
246 3515 423 3575 ἐνιπάλλεται
441 3521 535 3591 volgo.
681 3566 695 3597 ,

181 3610 221 3679 **)
243 3605 384 3665 ἐνεείσατο
399 3610 515 3678 volgata
529 3613 573 3666 est
587 3611 739 3680 seriptura3
759 3613 808 3665 sed
823 3613 857 3667 οί.
873 3612 885 3664 Ι
900 3618 952 3667 788
967 3631 1006 3681 sq.
1041 3611 1115 3666 ἔνθα
1129 3635 1177 3684 μιν
1190 3610 1296 3684 Ἰφινόη

123 3695 248 3762 κλισμῷ
273 3686 325 3744 tot
346 3680 600 3760 παμφανόωντι
620 3694 624 3758 Ι
646 3687 800 3761 ἐσσυμένως
828 3696 914 3760 καλῆς
941 3691 990 3745 διά
1016 3692 1160 3755 παστάδος
1188 3692 1307 3748 εἷσεν

123 3770 244 3839 άγουσα,
263 3770 301 3823 ΙΙ[
321 3776 354 3825 49
379 3769 447 3825 εἷσε
471 3767 497 3824 τ’
524 3767 576 3825 ἐνί
600 3774 795 3841 κλισμοῖσιν
819 3772 852 3827 cl.
872 3772 910 3826 IV
931 3778 981 3826 719
1007 3771 1099 3826 εἷσεν
1123 3768 1179 3827 aa
1202 3768 1298 3843 (ἑνίλ)

124 3851 294 3914 ξεστοῖσιν
313 3850 495 3918 ἀναστήσασα
513 3849 706 3921 θρόνοισιν,

146 3937 221 4028 ·**†)
239 3937 333 3991 Etiam
351 3937 381 3992 in
400 3937 491 3992 altera
509 3938 598 3995 classe
617 3942 704 4010 poeta
722 3959 830 4012 semper
850 3943 920 4010 (300.
941 3948 1001 3998 450.
1021 3947 1081 3996 505.
1102 3944 1165 4010 648)
1185 3936 1226 3995 ίνλ
1247 3941 1297 3995 ad-

124 4018 225 4166 hnbupt).
241 4094 345 4150 Wielio
364 4096 511 4152 obsecutus
530 4100 645 4155 Abelins
665 4101 737 4155 eitra
754 4094 951 4156 necessitatem
971 4100 1013 4155 ἐνὶ
1032 4101 1152 4171 scripsit.

176 4189 224 4257 ἡ)
253 4184 508 4253 Argonauticorum
536 4191 619 4256 poeta
643 4191 679 4244 ab
703 4207 755 4243 usn
782 4189 892 4259 volgari
916 4206 974 4244 non
996 4189 1116 4246 discedit
1138 4190 1173 4246 cf.
1193 4195 1225 4260 a)
1245 4196 1297 4245 814

125 4273 234 4326 ἀκτῖσιν
258 4263 403 4336 φλογίνας·
430 4273 571 4335 σκῆπτρον
591 4266 618 4320 δ’
640 4265 675 4323 ἐν
695 4270 788 4338 χερσίν
812 4265 918 4339 ἐνώμα,
940 4300 971 4310 -
991 4270 1020 4338 b)
1042 4276 1093 4324 134
1112 4270 1296 4341 Μυρμιδόνος

123 4347 260 4420 θυγάτηρ,
276 4342 373 4416 Ἁλόπη
393 4339 444 4399 ἐνί
462 4344 625 4418 πετρηέσσῃ.
