3008 4958
629 185 865 250 -120-

52 400 55 406 .
160 352 336 411 Nonnianae
360 352 482 410 alumni.
506 384 542 392 —
565 351 700 421 Quorum
722 352 830 409 illene
859 350 1017 409 minimum
1046 349 1167 426 quidem
1191 367 1209 406 a
1231 367 1343 407 norma

162 451 296 527 discedit,
320 450 408 509 modo
427 471 455 510 v.
479 453 539 508 176
565 447 639 527 ὤμοι
657 449 701 520 τίς
724 466 755 507 σε
778 447 916 527 κόμισσεν
935 445 1010 527 ἐμὴν
1029 447 1080 518 είς
1103 445 1230 527 πατρίδα
1248 451 1341 525 γαῖαν

163 552 194 607 et
219 551 277 606 181
306 544 346 618 ὡς
369 547 464 619 ξεῖνος
487 546 660 626 περίφοιτον
688 543 762 624 ἐμὴν
791 544 842 615 είς
869 544 996 623 πατρίδα
1026 544 1145 623 μίμνειν
1172 563 1208 602 ex
1237 543 1342 602 codice

162 646 302 704 Palatino
330 664 399 703 cum
426 645 580 721 Koechlyo
610 639 738 725 (Opusc.
761 644 869 726 Bhilol.
893 644 951 704 vol.
971 644 986 701 Ι
1009 664 1037 718 p.
1058 635 1137 724 450)
1166 641 1208 713 είς
1230 661 1286 718 pro
1310 639 1342 712 ἐς

163 744 352 802 rescribatur.
361 736 393 823 ‘¹‘)
440 743 530 801 Falso
554 743 649 819 igitur
671 745 774 801 nestro
797 743 863 801 loco
888 733 930 823 (v.
951 734 1007 823 81)
1032 739 1064 800 ἐν
1088 761 1143 821 pro
1166 738 1212 801 ἐνί
1238 760 1342 799 emen-

164 843 293 900 datmus
323 844 388 900 erat
417 839 451 899 G.
475 841 665 899 Hermannus
693 839 801 916 Opusc.
825 840 885 899 vol.
904 839 946 897 IV
969 860 997 915 p.
1019 842 1091 899 223.
1101 831 1153 919 **)
1182 870 1225 882 -·
1249 838 1343 915 Apud

165 934 331 1018 Agathiam
355 939 493 998 clausula
515 938 615 998 brevis
634 937 811 998 consonanti
833 937 919 996 finita
942 938 1041 996 thesin
1065 938 1259 1014 spondiacam
1282 958 1344 997 non

165 1039 263 1097 solum
287 1038 318 1094 in
341 1038 416 1112 pede
439 1037 545 1114 primo,
568 1056 673 1096 verum
696 1037 788 1095 etiam
811 1035 843 1092 in
867 1035 1009 1113 secundo,
1029 1036 1134 1113 tertio,
1158 1039 1267 1113 quarto
1293 1055 1342 1094 ex·

166 1137 240 1213 plot,
264 1155 359 1212 eaque
379 1138 424 1194 est
444 1135 648 1211 exemplorum
666 1135 753 1211 ratio,
776 1138 812 1193 ut
831 1126 1134 1214 duodetrigintaffl)
1154 1135 1190 1193 ad
1210 1133 1342 1210 primum

168 1252 274 1296 versus
297 1234 414 1310 pedem,
438 1251 489 1291 sex
512 1232 550 1290 ad
574 1233 664 1307 pedes
687 1233 819 1307 reliquos
842 1233 1021 1309 pertineant,
1045 1233 1172 1292 scilicet:

167 1368 204 1427 A.
223 1368 255 1426 P.
276 1367 319 1424 VI
365 1369 416 1443 72,
438 1370 453 1424 1
480 1358 561 1425 εἶδον
579 1363 646 1445 ἐγὼ
669 1363 730 1424 τὸν
752 1374 854 1425 πτῶκα
875 1364 1050 1444 καθήμενον
1073 1362 1160 1445 ἔγγὺς
1183 1362 1317 1446 ὀπώρης,

282 1466 325 1523 IX
346 1466 418 1539 154,
438 1467 456 1523 5
481 1459 585 1541 όίρκιον
599 1456 638 1542 ἦν
652 1463 819 1523 θνάσκειν
833 1462 893 1523 τὸν
913 1461 1072 1542 βουκόλον·
1092 1463 1119 1523 εἰ
1130 1461 1186 1543 γὰρ
1200 1459 1346 1541 όίθεσμος,

349 1566 458 1637 767,1
484 1559 633 1640 ἑζόμενος
657 1557 720 1640 μὲν
739 1560 807 1643 τῇδε
830 1555 901 1641 παρ’
926 1560 1057 1641 εὐλόϊμμι
1078 1558 1219 1646 τραπέζῃ,

278 1662 420 1739 111352,
444 1665 457 1718 1
484 1657 535 1718 τὸν
559 1658 655 1737 σοφὸν
679 1657 711 1719 ε’ν
734 1658 871 1745 κιθόρρ,
893 1658 955 1720 τὸν
977 1657 1121 1737 μουσικὸν
1137 1651 1347 1739 Ἀνδροτίωνα,

345 1760 479 1835 35415
504 1756 532 1816 εί
554 1751 581 1815 δ’
611 1755 756 1834 ἐθέλεις,
784 1755 844 1817 τὸν
873 1756 966 1817 παῖδα
989 1755 1198 1837 Κλεόμβροτον
1218 1751 1347 1837 Ἀμβρα-

1217 1854 1347 1933 κιοίτην,

170 1956 248 2032 App.
258 1957 302 2014 Pl.
313 1956 384 2013 XVI
395 1956 497 2032 244,3
513 1948 546 2024 ὃς
562 1949 593 2012 δὲ
606 1956 698 2032 μελῶν
714 1951 846 2032 σι’μησεκ
867 1952 951 2023 ἴσως
966 1946 995 2012 δ’
1010 1950 1056 2012 ἂν
1070 1950 1219 2032 φθέγξατο
1234 1959 1347 2032 μῦθον.

261 2088 343 2158 Quae
376 2089 552 2147 testimonia
581 2088 639 2146 etsi
670 2105 742 2162 prae
776 2087 991 2161 superstitibus
1026 2086 1178 2163 Agathiae
1210 2087 1348 2147 versibus

171 2207 330 2246 numerum
348 2186 429 2245 haud
449 2186 591 2262 exiguum
609 2183 780 2260 conficiunt,
804 2203 858 2258 pro
878 2184 1104 2260 exceptionibus
1122 2187 1225 2243 tamen
1243 2186 1348 2245 haberi

173 2286 291 2360 debent,
312 2304 387 2360 quas
401 2286 492 2360 poeta
508 2283 675 2342 necessario
690 2285 811 2340 coactus
831 2283 994 2360 admiserit,
1012 2300 1067 2341 nec
1086 2283 1219 2342 dubitari
1236 2287 1348 2360 potest,

173 2383 247 2459 quin
270 2382 306 2441 A.
325 2383 356 2440 P.
380 2381 424 2440 IV
444 2384 477 2459 4,
502 2383 519 2440 9
551 2380 683 2458 eligendi
713 2376 834 2455 optione
865 2381 938 2438 data
969 2379 1118 2457 Agathias
1149 2382 1287 2441 consulto
1318 2384 1349 2440 et

174 2481 306 2558 cogitate
328 2477 362 2539 ἐν
381 2479 536 2555 dimiserit,
559 2475 605 2538 ἐνί
623 2479 654 2536 in
672 2479 790 2537 textum
813 2478 969 2552 receperit.
1007 2477 1138 2537 Consilio
1159 2482 1270 2556 autem,
1288 2498 1349 2538 non

175 2598 246 2638 casu
269 2597 332 2636 rem
356 2577 490 2637 evenisse
515 2576 627 2651 optime
650 2575 682 2633 hi
705 2593 809 2634 versus
833 2575 974 2650 probant:

175 2695 212 2753 A.
226 2694 258 2753 P.
287 2694 314 2750 V
335 2695 411 2770 267,
433 2695 451 2749 3
476 2714 504 2749 α.
523 2693 591 2751 Ποῦ
616 2689 648 2751 δέ
671 2714 721 2769 μιν
752 2688 933 2766 εἰςενόησας;
961 2693 988 2771 β.
1006 2685 1101 2751 Ἐκεῖ
1123 2689 1205 2752 ποτὶ
1228 2691 1351 2751 δεῖπνον

1200 2788 1351 2869 ἐπελθών,

257 2889 316 2947 VH
336 2889 408 2964 614,
429 2889 469 2946 13
489 2876 522 2946 εὖ
539 2877 570 2946 δέ
588 2884 690 2946 πόνων
704 2883 892 2962 ἀπόνασθον,
906 2885 981 2947 ἐπεὶ
999 2884 1079 2946 ποτὶ
1093 2895 1173 2966 σᾶμα
1186 2888 1351 2962 συνεόνων,

274 2988 318 3046 XI
360 2989 411 3062 64,
433 2990 450 3045 7
475 2981 494 3062 ἡ
519 2981 550 3044 δὲ
573 2983 660 3062 καλὴ
684 2983 764 3046 ποτὶ
786 2983 879 3062 ληνὸν
897 2983 1125 3064 ὑπερκύπτουσα
1143 2980 1306 3063 Ῥοδοίνθψ

178 3101 391 3112 --—————

221 3148 230 3163 ’
250 3159 274 3224 *)
294 3158 418 3210 Eandem
439 3156 576 3209 medelam
598 3155 730 3226 anonymi
749 3158 849 3225 poetae
870 3153 1043 3224 epigramma
1061 3154 1094 3210 A.
1114 3156 1144 3210 Ρ.
1161 3155 1200 3210 ΙΧ
1219 3162 1270 3210 362
1289 3175 1315 3211 u.
1336 3164 1352 3212 3

178 3234 292 3307 ἡσόχιος
310 3236 340 3289 τὸ
359 3244 478 3306 πρῶτον,
498 3231 569 3304 ε’πὴν
589 3232 616 3289 δ’
635 3232 668 3298 ἐς
685 3234 790 3290 πόντον
810 3233 909 3306 ίκοίνῃς
927 3236 1057 3303 reposcit,
1077 3234 1126 3288 ubi
1144 3239 1290 3305 praeterea
1309 3237 1352 3291 bis

68 3318 71 3324 '
178 3318 208 3371 in
227 3318 284 3370 arsi
304 3333 450 3384 perperam
469 3311 498 3378 ές
520 3333 571 3385 pro
595 3314 634 3378 είς
656 3315 774 3385 legitur:
799 3322 814 3369 6
835 3310 867 3377 ἐς
891 3313 1012 3382 Σικελὴν
1034 3311 1203 3383 Ἀρέθουσαν
1227 3311 1353 3386 έπείγεαι

178 3398 262 3468 ὑγρὸς
280 3393 394 3465 ἀκοίτης
413 3397 459 3465 (cf.
480 3398 595 3452 Nonnus
613 3397 728 3463 Dionys.
748 3394 823 3448 XLV
843 3400 893 3450 117
914 3393 963 3457 είς
981 3394 1131 3464 Σικελὴν
1147 3392 1352 3466 Ἀρέθουσαν

179 3477 251 3546 ἀνὴρ
271 3476 447 3547 πορθμεύετο
465 3477 572 3545 Φοίνιξ)
592 3482 621 3530 ct
637 3483 668 3530 17
689 3475 777 3544 αὐτὴν
797 3471 830 3538 ές
849 3474 984 3544 φιλότητα
1004 3483 1088 3543 χυτῆς
1101 3473 1214 3544 ἀλόχοιο
1229 3475 1353 3546 περήσας

180 3561 214 3613 cf.
230 3575 302 3626 quae
316 3557 374 3611 dixi
388 3559 424 3611 ad
438 3577 463 3612 n.
478 3557 568 3611 XXIV
583 3564 600 3610 4
619 3576 646 3626 p.
661 3563 694 3610 39
714 3560 743 3610 et
762 3558 796 3611 ad
816 3575 842 3609 n.
856 3555 930 3609 XLII
947 3561 979 3609 10
994 3574 1021 3624 p.
1032 3561 1065 3610 76
1086 3572 1177 3625 supra.
1192 3588 1221 3596 -
1235 3554 1352 3611 Carmen

180 3628 271 3708 ipsum
295 3639 331 3692 ad
354 3638 448 3692 Nonni
470 3655 582 3692 normas
607 3637 810 3690 conformatum
839 3638 914 3690 iusto
943 3634 1062 3690 calidius
1084 3635 1200 3691 Musaeo
1229 3636 1354 3692 vindicat

180 3718 213 3772 a.
232 3718 356 3771 Holland
374 3716 572 3772 Commentatt.
592 3715 776 3771 Ribbeckian.
795 3719 887 3787 (1888)
906 3735 933 3786 p.
948 3723 1009 3769 414.

235 3800 277 3867 **)
296 3800 327 3851 ln
346 3797 500 3867 spondiaca
517 3797 619 3866 primi
642 3796 721 3865 pedis
745 3797 821 3851 thesi
844 3797 967 3864 syllabas
990 3796 1089 3849 breves
1113 3797 1277 3852 consonanti
1302 3800 1353 3852 ter·

181 3878 302 3934 minatae
321 3878 451 3933 Musaeus
471 3877 574 3946 septies
594 3877 735 3931 conlocat:
755 3883 796 3932 21.
817 3882 858 3930 42.
880 3882 923 3931 92.
943 3881 994 3929 134
1024 3880 1083 3930 187.
1098 3881 1158 3932 201.
1177 3882 1238 3930 224.

221 3958 280 4029 ***)
299 3961 326 4028 a)
345 3959 375 4012 in
393 3957 573 4012 hexametris:
596 3955 630 4011 A.
649 3958 679 4009 P.
695 3957 719 4011 V
736 3965 783 4023 77,
803 3963 819 4010 2
838 3958 884 4025 (de
903 3955 1114 4024 epigrammatis
1133 3961 1248 4011 auctore
1267 3959 1301 4012 ef.
1317 3958 1353 4011 ad

182 4061 208 4096 n.
220 4040 310 4094 xxlss
325 4045 392 4109 pas
404 4041 511 4108 cuprea
527 4043 587 4104 ma,
599 4044 623 4092 a.
634 4044 662 4103 ι;
683 4043 742 4106 aso,
753 4044 780 4101 ι;
796 4043 856 4104 aar,
876 4043 905 4103 s;
920 4038 957 4089 vl
968 4042 1047 4104 aaa
1068 4037 1353 4106 1c7‚s;vilses‚e;

183 4120 817 4187 esau1X442,3;ei1,e;esa‚a;aaa,
840 4126 861 4171 1.
881 4125 910 4184 53
931 4116 1017 4184 xes,
1039 4121 1066 4181 1;
1086 4116 1125 4169 XI
1139 4122 1204 4184 aaa,
1226 4123 1354 4185 173366,

186 4209 231 4266 133
251 4202 323 4269 App.
343 4198 383 4252 Pl.
403 4197 467 4252 XVI
486 4205 534 4265 41,
552 4203 582 4265 5;
605 4206 669 4265 109,
687 4203 716 4263 33
736 4203 844 4264 244‚5;
869 4204 934 4263 332,
956 4204 983 4262 73
1008 4227 1040 4235 —
1060 4196 1089 4263 b)
1108 4194 1137 4249 in
1156 4195 1353 4265 pentametris:

185 4279 309 4335 a.P.v
331 4274 1318 4347 aaa,e;vl1204‚a;eoa.s;1x204‚4;482,12.2o;xsa‚4.
