3008 4958
638 265 852 328 --39-

263 421 346 488 Ῥεῑοί
369 447 419 499 τις
437 423 594 508 ἡμερίδος
618 421 751 508 σκαίίχη
772 425 835 488 δύο
860 426 1031 507 σύμπλοκα
1056 428 1159 509 λύσει,

316 530 466 614 στρεπκοί,
491 535 700 618 πολυχρονίῳ
724 530 884 615 κλέμματι
908 531 1072 615 συμφυέα,

162 655 190 700 ¹5
269 636 288 720 ἢ
313 640 444 714 κείνους
467 635 653 720 φιλεόντας,
676 634 732 702 ὑπ’
759 637 972 723 ἀντικόροισί
990 635 1019 702 ι’
1046 639 1199 723 ιἠιοσκοῑς

316 744 402 827 ὑγρὰ
424 742 646 829 κεριαλίγδην
671 745 755 822 ἅψεα
775 744 992 829 δησαμίνους.

272 848 350 934 Τμὶς
373 851 491 934 μάκαρ,
516 850 552 928 ὃς
575 854 705 931 τοίοισι,
730 854 822 935 φίλη,
847 852 1020 937 δεσμοῖσιν
1044 852 1171 938 ἕλίχδη,

313 954 404 1042 <epla
428 957 548 1042 poiaopl
572 953 646 1021 ἀλλ’
673 956 765 1040 ἡμεῖς
787 959 906 1043 ίίνδιχα
932 962 1126 1044 καιόμεθα>.

589 1149 752 1204 Adnotatlo
773 1149 897 1208 critica:

242 1281 277 1339 A.
303 1282 333 1340 P.
361 1283 386 1338 V
412 1285 490 1359 255,
518 1283 571 1341 ubi
594 1282 620 1340 Α
645 1289 697 1341 τοῦ
726 1275 819 1338 αὐτοῦ
847 1269 888 1349 (h.
914 1296 938 1335 ο.
962 1277 1087 1339 Παύλου
1111 1275 1329 1361 Σιλενιιαρίου)

153 1375 378 1457 ἀφηγηματικδν
409 1381 504 1456 dedit,
533 1380 557 1437 L
580 1398 651 1439 vero
680 1378 772 1437 verba
802 1373 900 1434 πάσαν
924 1371 1023 1455 γέμον.
1046 1374 1160 1456 ἔρωτος.
1184 1375 1330 1456 ἀκοσμίαν

155 1477 319 1536 subiunxit.

242 1568 259 1632 l
286 1571 433 1652 ἀιλήτοιο]
464 1571 621 1651 &atriorem
650 1574 725 1634 coni.
749 1571 904 1631 Iacobsius
929 1570 1055 1647 Speeim.
1086 1575 1329 1634 emendationum

153 1672 184 1730 in
215 1677 354 1732 auctores
377 1676 494 1733 veteres
519 1664 636 1753 11786)
665 1694 692 1747 p.
715 1675 732 1730 6
757 1662 808 1751 (cf.
832 1673 990 1745 praeterea
1012 1669 1104 1729 Anth.
1130 1671 1178 1731 Gr.
1203 1675 1262 1733 vol.
1285 1676 1328 1732 XI

151 1791 179 1845 p.
197 1773 258 1829 126
284 1774 315 1829 et
338 1771 381 1830 ed.
406 1771 470 1829 crit.
495 1771 552 1830 vol.
571 1771 617 1828 ΙΙΙ
640 1791 669 1847 p.
695 1760 783 1849 111),
814 1768 895 1844 quod
923 1769 1046 1843 propter
1069 1789 1095 1828 v.
1118 1772 1136 1829 3
1161 1764 1214 1847 (ori
1237 1770 1327 1850 κόρον

151 1858 229 1945 εἶχον
252 1864 358 1947 ἔρωτος
381 1860 533 1949 ἀφειδὲος)
561 1867 634 1926 ferri
662 1867 780 1943 nequit3
814 1866 839 1923 si
867 1865 940 1941 quid
968 1867 1160 1941 mutandum,
1189 1870 1327 1945 equidem

150 1960 289 2041 ἀπλήτοιο
319 1967 488 2042 scripserim
520 1967 557 2024 cf.
589 1964 763 2022 Semonides
794 1963 978 2040 Amorginus
1010 1963 1045 2022 fr.
1072 1967 1099 2039 7,
1123 1967 1165 2024 34
1197 1958 1326 2045 (Bergkl

149 2057 220 2120 ἀλλὰ
246 2063 379 2141 μαίνεται
406 2062 468 2124 τότε
496 2059 501 2140 1
530 2058 670 2138 ἄκλητον.
718 2061 864 2121 Similiter
894 2060 995 2118 Aiacis
1025 2061 1110 2119 furor
1138 2082 1155 2118 a
1180 2062 1326 2138 Sophocle

150 2152 211 2239 (Ar.
237 2155 316 2240 256)
341 2155 400 2221 αἷσ’
426 2157 554 2232 dulcior
578 2162 713 2219 vocatur.
737 2191 780 2198 —
804 2160 852 2217 Ad
871 2158 1017 2217 librorum
1040 2160 1216 2217 memoriam
1239 2165 1325 2220 tuen·

149 2257 218 2316 darn
241 2264 400 2335 corruptus
424 2257 613 2318 Ps-Homeri
632 2275 737 2317 versus
760 2255 871 2332 Hymn.
894 2255 938 2312 IV
953 2256 1016 2314 345
1037 2248 1120 2314 πόλλ’
1146 2252 1325 2344 ἀεκαζομένῃ

149 2355 258 2435 μητρὸς
280 2355 368 2442 πόθῳ
391 2350 441 2434 η’δ’
467 2349 513 2416 ἐπ’
539 2353 671 2432 ἀκλήτων
699 2354 774 2412 nihil
797 2353 879 2413 valet
905 2347 916 2430 11
942 2345 994 2411 ὑπ’
1025 2349 1173 2430 datricem]
1197 2353 1325 2434 ὑπαιλη-
1406 2387 1407 2390 “

149 2491 210 2529 τοιο
229 2470 256 2528 Α
276 2472 412 2548 dederat3
432 2472 560 2531 correxit
577 2470 600 2530 0
619 2467 628 2546 11
647 2468 771 2547 λύσσης]
791 2455 882 2545 leidae
896 2469 936 2543 M,
955 2469 1008 2527 ubi
1027 2491 1046 2545 η
1066 2489 1119 2543 pro
1139 2492 1158 2527 α
1177 2475 1222 2529 est
1236 2473 1324 2531 resti-

150 2570 252 2626 tutum
269 2562 280 2647 11
300 2563 319 2627 2
344 2568 389 2646 ἐν]
410 2564 458 2630 ἐπ’
481 2590 515 2629 ex
534 2568 708 2647 apographo
724 2567 872 2644 Lipsiensi
888 2567 982 2625 edidit
1001 2567 1140 2626 Roislrius
1159 2568 1323 2631 Miscellan¹

149 2665 228 2741 Lips.
252 2667 327 2728 Nov.
352 2671 410 2729 vol.
430 2669 473 2727 IX
495 2689 524 2744 p.
546 2669 608 2726 673
633 2687 660 2724 n.
681 2669 744 2727 379
765 2660 775 2744 11
794 2659 815 2724 3
835 2656 928 2743 εἶχον]
948 2655 1026 2743 ἐῖχον
1045 2664 1069 2722 Ρ
1088 2657 1165 2744 (scil.
1187 2665 1210 2725 0
1229 2670 1324 2726 mani-

147 2763 301 2824 festiorem
324 2767 465 2842 spiritum
489 2784 580 2841 super
608 2786 620 2824 ε
649 2760 780 2842 eddidit)
803 2757 814 2841 11
836 2759 954 2842 ἔρωτος]
979 2756 1087 2841 ἔρωτος
1110 2763 1134 2821 Ρ
1159 2762 1225 2842 1Α,
1245 2759 1300 2846 ’01

146 2857 296 2938 ἀφειδέος]
327 2867 408 2922 recte
441 2864 473 2920 in
496 2862 561 2920 MV
585 2865 681 2938 extat,
705 2879 803 2937 neque
832 2860 922 2919 aliter
946 2861 1112 2919 Salmasius
1140 2869 1322 2923 correxerat:

146 2951 199 3032 ἀφ’
225 2953 312 3034 ἡδέος
335 2961 373 3036 P,
400 2960 453 3021 sed
477 2960 695 3035 apostrophum
719 2961 750 3016 et
773 2957 904 3015 alterum
927 2957 1068 3030 spiritum
1092 2957 1114 3015 0
1138 2958 1261 3035 adiecit3
1286 2963 1321 3020 cf.

149 3055 350 3114 Callimachus
375 3058 409 3114 A.
429 3056 461 3114 P.
480 3056 539 3114 XII
562 3058 633 3131 150,
658 3060 675 3115 7
701 3048 854 3128 ἀφειδέα
881 3050 955 3131 πρὸς
983 3050 1034 3110 τὸν
1062 3051 1153 3132 ἔρωτα
1170 3052 1181 3132 11
1199 3053 1320 3134 ἱέμενοι]

146 3163 177 3220 in
201 3162 225 3220 P
249 3161 390 3237 spiritum
413 3179 553 3237 asperum
571 3181 625 3237 pro
648 3161 710 3219 leni
725 3158 862 3235 reposuit
881 3153 931 3237 011
954 3146 987 3217 di
1005 3158 1029 3216 Ρ
1045 3153 1113 3240 1Α,
1134 3156 1189 3241 xC)
1208 3156 1321 3239 1141οί.

148 3259 311 3318 Schneider
334 3258 372 3316 ad
396 3256 570 3317 Callimach.
595 3259 630 3316 fr.
650 3261 715 3318 470
741 3257 796 3316 vol.
820 3255 852 3315 H
874 3277 901 3332 p.
927 3259 991 3317 630
1015 3261 1046 3317 et
1073 3278 1150 3335 quae
1179 3261 1322 3323 disseruit

148 3358 195 3417 Fr.
223 3358 329 3416 Mallet
358 3356 495 3426 Quaestt.
523 3356 710 3432 Propertian.
739 3346 856 3436 (1882)
889 3377 917 3433 p.
937 3358 977 3416 36
999 3375 1041 3433 sq.
1069 3353 1079 3435 11
1106 3357 1161 3434 εἰς]
1191 3379 1226 3419 ex
1254 3361 1320 3418 MV

146 3456 230 3543 (curn
258 3463 382 3523 Heinsio
407 3464 506 3523 Poem.
535 3484 564 3539 p.
584 3464 648 3523 490
677 3466 707 3522 et
730 3456 896 3541 Brunclrio)
923 3463 1035 3540 recepi:
1067 3462 1098 3536 ἐς
1121 3465 1144 3523 Ρ
1167 3469 1198 3526 et
1220 3468 1320 3544 volgo.

149 3593 185 3600 —
216 3561 366 3638 Equidem
395 3581 454 3620 non
488 3561 607 3638 dubito,
636 3561 709 3638 quin
737 3561 851 3620 Paulus
873 3561 1065 3620 silentiarius
1093 3562 1236 3622 Nonnum
1264 3566 1319 3623 du-

145 3677 209 3716 cem
241 3662 363 3717 secutus
401 3650 451 3737 (cf.
486 3658 656 3736 Koechlyus
694 3657 802 3734 Opusc.
839 3659 988 3736 Philolog.
1022 3661 1080 3719 vol.
1105 3660 1120 3717 l
1147 3680 1174 3735 p.
1199 3663 1264 3722 450
1289 3666 1319 3721 et

147 3754 338 3813 hudwichius
360 3756 435 3814 Mus.
455 3756 547 3815 Rhen.
572 3758 629 3816 vol.
650 3756 762 3815 XXXV
783 3789 821 3797 —
844 3760 930 3818 1880
947 3790 984 3797 -
1006 3777 1034 3832 p.
1054 3749 1134 3835 4991
1155 3761 1225 3816 ante
1249 3778 1318 3817 con·

145 3854 300 3909 sonantem
319 3852 431 3928 ubique
451 3852 492 3924 εἰς
512 3854 677 3930 scripserit3
697 3855 834 3913 omnibus
853 3856 949 3933 igitur
962 3854 1050 3927 'locis
1070 3854 1179 3929 quibus
1198 3852 1228 3924 ἐς
1248 3859 1317 3914 ante

145 3967 305 4007 consonam
341 3952 501 4028 remansit,
534 3951 576 4024 εἰς
608 3972 643 4012 ex
680 3952 852 4012 coniectura
887 3951 1077 4011 inferendum
1109 3969 1173 4009 esse
1206 3954 1316 4011 statuo.

144 4047 252 4105 Falsus
276 4049 322 4104 est
340 4047 530 4108 Werniclrius
555 4051 592 4108 ad
611 4050 809 4127 Tryphiodor.
831 4051 893 4109 549
919 4069 946 4123 p.
966 4050 1039 4107 431.
1066 4079 1103 4086 -
1125 4047 1242 4107 Codicis
1261 4049 1316 4108 Pa·

143 4143 232 4203 latini
265 4145 478 4203 auctoritatem
510 4147 566 4205 hac
593 4147 625 4204 in
657 4167 689 4206 re
720 4150 897 4223 pertenuem
929 4163 993 4205 esse
1021 4144 1205 4204 calculorum
1237 4148 1316 4208 ratio

145 4242 239 4319 docet,
278 4242 427 4318 siquidem
455 4243 555 4301 omnia
578 4243 665 4303 Pauli
694 4246 830 4320 exempla
856 4243 893 4303 ad
926 4241 1181 4316 computationem
1209 4250 1317 4306 vocata

144 4340 220 4399 hanc
254 4360 400 4400 summam
436 4341 582 4399 efficiunt:
616 4340 647 4397 in
677 4341 862 4418 Anthologia
887 4339 1027 4399 Palatina
1056 4338 1097 4409 εἰς
1130 4346 1253 4421 quater,
1284 4341 1315 4416 ἐς
