3008 4958
490 1111 662 1180 Excursus
686 1108 734 1180 'ad
761 1131 792 1200 p.
814 1114 870 1199 59,
891 1113 943 1182 27.
1051 1108 1054 1113 ’

247 1293 314 1350 Non
336 1292 445 1352 leviter
468 1309 503 1347 ao
526 1292 648 1363 temere,
667 1289 718 1346 sed
738 1289 814 1348 inita
832 1290 1040 1365 subductaque
1059 1291 1175 1350 ratione
1195 1297 1329 1370 quaesti-

156 1391 297 1473 unculam
320 1407 435 1464 moveo,
466 1390 567 1445 utrum
591 1383 624 1444 ἐν
647 1383 754 1456 ννκτὸς
778 1383 882 1472 ὀνείρῳ
906 1408 944 1446 an
967 1385 1012 1446 ἐνί
1034 1386 1141 1459 νυκτὸς
1164 1386 1269 1476 ὀνείρῳ
1292 1394 1327 1451 li·

156 1491 278 1547 brorum
301 1487 446 1545 memoria
469 1486 622 1543 innuatur.
659 1483 757 1542 Alteri
781 1486 860 1543 enirn
883 1487 1051 1562 scripturae
1076 1489 1242 1547 communis
1261 1510 1332 1566 poe-

156 1589 257 1644 tarum
275 1604 348 1643 usus
368 1584 559 1660 suffragatur,
587 1584 715 1641 alteram
733 1584 834 1641 Nonni
854 1586 935 1661 leges
954 1586 1096 1643 metricae
1116 1589 1332 1666 commendant,

156 1684 194 1741 ad
222 1683 305 1741 cuius
333 1681 552 1757 disciplinam
544 1701 576 1738 ιιι
603 1681 740 1741 versibus
769 1681 929 1740 condendis
958 1700 989 1740 se
1017 1683 1184 1759 adplicasse
1212 1686 1333 1745 videtur

156 1781 382 1858 epigrammatis
400 1781 496 1838 nostri
515 1782 585 1838 auct
587 1798 686 1837 οι.-
644 1778 786 1848 —Quae
801 1799 870 1837 cum
883 1780 928 1838 ita
943 1780 1064 1856 sint,u
1030 1781 1188 1858 utriusque
1205 1785 1331 1843 rationis

155 1883 308 1938 momenta
331 1878 494 1955 diligente1
512 1877 673 1952 ponderari
697 1877 816 1935 debent
854 1877 918 1934 Iam
942 1896 1014 1937 vero
1038 1880 1069 1935 in
1092 1880 1218 1954 poeticis
1239 1880 1331 1940 Grue-

155 1996 258 2036 corum
277 1976 479 2035 monumentis
498 1976 574 2034 hanc
588 1976 687 2051 legem
706 1972 807 2034 volere
821 1975 972 2051 ¹videmus,
992 1976 1053 2033 ut
1045 1996 1076 2033 ιιι
1096 1980 1206 2053 quarta
1225 1999 1330 2039 versus

155 2075 267 2134 heroici
291 2074 376 2148 thesi,
401 2074 648 2150 quotiescumque
667 2073 850 2148 praepositio
875 2073 979 2131 autin
999 2076 1182 2150 anastrophe
1200 2080 1332 2152 ponatur

155 2178 210 2232 aut
223 2173 355 2231 medium
369 2174 469 2231 locum
483 2172 564 2230 inter
578 2171 762 2230 adiectivum
777 2174 808 2228 et
823 2171 1046 2231 substantivum
1062 2178 1195 2251 occupet,
1214 2193 1331 2252 semper

154 2269 199 2330 ε’νὶ
224 2262 296 2352 (tta)
319 2272 523 2346 praeferatur,
551 2269 672 2329 brevior
700 2271 802 2326 autem
830 2270 926 2326 forma
950 2261 1011 2350 (ἐν)
1035 2272 1173 2330 sollemni
1196 2292 1255 2331 usu
1279 2274 1329 2332 ad-

156 2371 306 2445 hibeatur,
328 2368 509 2443 ubicumque
524 2366 707 2443 praepositio
728 2367 766 2424 ad
786 2367 944 2443 sequentia
962 2368 1120 2443 pertineat.
1159 2368 1274 2439 Quodsi
1293 2372 1329 2430 de

156 2468 294 2526 sollemni
316 2485 376 2525 usu
398 2467 514 2543 loquor,
534 2466 705 2524 mehercule
725 2484 784 2524 non
803 2465 863 2524 levi
887 2465 1008 2524 brachio
1028 2486 1092 2524 rem
1112 2487 1177 2544 ago,
1202 2469 1254 2527 sed
1278 2470 1328 2528 ob·

154 2565 355 2624 servationem
379 2564 496 2622 e1usta
518 2566 676 2640 poetarum
699 2563 829 2622 lectione
848 2562 1026 2639 petitarum
1045 2565 1176 2623 medium
1200 2568 1329 2648 profero,

155 2683 232 2740 quae
256 2665 294 2722 ad
316 2653 464 2739 liquidurh
484 2662 714 2739 confessumque
738 2662 929 2738 perducetur,
953 2662 977 2720 si
1002 2664 1136 2722 locorum
1160 2683 1328 2742 repugnan-

154 2761 231 2849 tium
259 2761 326 2837 sing
308 2762 443 2819 oularem
470 2763 611 2818 naturam
638 2780 858 2837 numerumque
887 2761 933 2818 exi
935 2781 1029 2838 guum
1058 2767 1232 2839 respexeris.
1271 2764 1329 2823 Sed

154 2844 221 2917 ecce
245 2861 381 2934 exempla
403 2861 614 2935 proponuntur
637 2859 750 2935 omnia,
773 2861 944 2933 temporum
968 2859 1070 2949 ordine
1093 2861 1255 2919 recensita:

154 2974 304 3034 Homerus
322 2975 356 3033 Il.
379 2977 428 3050 18,
449 2976 511 3033 349
533 2963 590 3053 (=
606 2973 660 3032 Od.
683 2976 738 3049 10,
759 2964 837 3051 360)
862 2970 955 3051 αὐτὰρ
978 2970 1041 3032 ἐπεὶ
1065 2971 1101 3050 δὴ
1126 2971 1223 3043 ζέσσεν
1248 2975 1328 3054 ὕδωρ

1027 3068 1081 3128 ἐνὶ
1104 3067 1196 3148 ἤνοπι
1218 3076 1329 3155 χαλκῷ,

331 3216 348 3247 ,,
377 3161 428 3245 23,
448 3171 510 3228 316
536 3166 605 3245 μήτι
627 3161 656 3226 δ’
681 3157 750 3226 αὖτε
773 3164 958 3246 κυβερνήτης
980 3164 1035 3226 ἐνί
1058 3166 1157 3226 οἴνοπι
1179 3167 1293 3253 πόντῳ,

220 3316 236 3346 ,,
309 3267 354 3328 Od
398 3270 426 3342 5,
447 3270 506 3325 221
534 3265 561 3325 εἰ
583 3259 612 3325 δ’
637 3256 676 3325 οὗ
699 3264 743 3336 τις
766 3264 866 3349 ῥαίῃσι
888 3269 970 3324 θεῶν
993 3263 1047 3324 ε’νί
1070 3264 1170 3325 οἴνοπι
1192 3264 1306 3351 πόντῳ,

331 3413 347 3443 ,,
378 3368 427 3443 14,
448 3368 509 3425 501
531 3366 570 3444 βῆ
590 3360 621 3424 δὲ
640 3360 723 3424 θέειν
737 3361 786 3424 ἐπὶ
800 3371 888 3441 νῆας·
907 3360 964 3443 ἐγὼ
984 3357 1012 3422 δ’
1033 3361 1046 3423 ε’
1053 3361 1088 3423 vt
1107 3363 1201 3442 εἵματι
1215 3365 1328 3443 κείνου,

220 3512 236 3541 ,,
332 3467 428 3541 1,,9,
449 3466 512 3522 274
536 3459 622 3522 ὤλεσε
645 3460 695 3521 καὶ
717 3470 777 3540 νῆα
799 3460 956 3542 γλαφυρὴν
979 3458 1033 3521 ἐνί
1056 3460 1156 3522 οἴνοπι
1171 3462 1291 3548 πόντῳ.

152 3562 302 3620 Hesiodus
321 3560 374 3637 Op.
397 3565 458 3621 369
484 3559 608 3639 μεσσόθι
630 3560 800 3636 φείδεσθαι·
829 3558 911 3636 δεινὴ
935 3553 964 3618 δ’
988 3557 1025 3619 ἐν
1032 3557 1197 3637 ίπνθμένι
1221 3561 1324 3639 φειδώ,

340 3663 459 3736 ,,622
483 3656 534 3718 καὶ
551 3656 613 3717 τότε
636 3655 739 3735 μηκέτι
761 3664 836 3734 νῆοις
859 3655 933 3736 ε’χειν
956 3654 1061 3716 ἕνί’
1034 3656 1133 3717 οἴνοπι
1156 3656 1264 3740 πόντῳ.

152 3757 201 3816 Ps.
207 3707 375 3816 -Homeriis
398 3758 508 3834 Hymn
526 3756 541 3814 I
561 3758 625 3816 253
646 3756 807 3835 (293)
831 3762 903 3813 πᾶσι
927 3755 1131 3832 θεμιστεοοιμι
1158 3753 1250 3836 χρέων
1273 3754 1328 3817 ἑνί

1128 3853 1210 3913 πίονι
1234 3853 1327 3938 δήμῳ.

152 3951 348 4027 Epigramma
375 3952 512 4010 Atticum
541 3949 699 4031 (scriptum
727 3954 797 4010 ante
825 3952 902 4009 med.
931 3969 1006 4010 saec.
1026 3942 1084 4030 IV)
1109 3971 1136 4009 n.
1157 3955 1251 4029 26,3
1276 3945 1326 4033 (in

409 4049 539 4107 Kaibelii
558 4042 770 4126 conlectione):
789 4044 906 4107 ἑπτὰδὲ
922 4041 955 4127 (l.
971 4040 1017 4129 d’)
1035 4044 1204 4127 ἀπορρήξας
1221 4047 1326 4129 λόγχας

593 4152 596 4157 ‘
783 4143 838 4205 ἐνὶ
861 4145 970 4222 σώματι
992 4141 1113 4204 ἐκείνων
1138 4139 1170 4224 (l.
1194 4139 1326 4229 κείνων).

153 4243 335 4322 Apollonius
354 4242 489 4302 Rhodius
508 4244 661 4320 Argonss
689 4245 753 4303 334
773 4237 863 4303 ἔσσετ’
885 4240 917 4301 ἕν
935 4239 1108 4326 εὐχωλῇσιν,
1132 4241 1203 4303 ἴσον
1225 4238 1251 4302 τ’
1272 4242 1326 4305 ἐνὶ

1086 4339 1186 4421 κάρτεϊ
1206 4352 1325 4424 χειρῶν,
