3008 4958
47 3584 57 3623 Ι

648 211 681 218 .-
732 175 863 238 46-

167 339 197 395 et
220 336 362 395 Duebner
384 355 438 394 nee
461 356 520 396 non
544 338 694 415 Agathiee
718 340 848 398 editores
877 341 1031 419 exhibent,
1060 339 1193 420 όινερύων
1218 344 1247 400 in
1271 362 1343 419 apo-

166 436 280 511 grapho
305 435 464 495 Guietiano
488 437 614 514 legitur,
640 457 701 514 qua
730 439 765 496 de
789 438 938 512 scriptura
957 440 992 497 of.
1020 440 1187 499 Lobeokius
1211 441 1343 500 Pathot-

165 534 261 591 Elem.
284 535 377 593 rotl
404 555 432 610 p.
453 537 525 594 592.
549 568 593 576 —
616 535 706 612 Apud
733 535 899 594 Homerum
923 537 1058 614 quidem,
1087 558 1155 597 oum
1183 538 1342 614 pristinam

166 631 248 691 vocis
271 632 399 690 formam
418 628 575 711 ἄνίερύειν
598 637 803 710 repraesentet
822 626 873 714 (cf.
893 633 1134 711 Annis-Henna,
1157 636 1287 710 Anhang
1306 657 1343 694 zu

166 728 293 788 Homers
316 730 389 788 Ilias
415 733 442 803 1,
462 723 552 811 459),
575 735 695 790 tantum
718 731 804 790 abest
826 736 862 791 ut
884 732 1011 793 verbum
1035 731 1171 812 αύερόειν
1195 735 1342 794 removeri

165 829 274 904 possit,
305 832 342 888 ut
369 830 418 888 vel
451 832 555 888 eontra
587 830 679 888 libros
711 849 828 905 semper
860 831 966 905 reponi
997 831 1120 907 debeat,
1154 831 1206 907 qui
1239 836 1342 890 autem

165 930 288 1001 postera
312 929 412 985 aetate
432 928 528 986 exorti
547 931 619 986 sunt
638 928 809 1012 scriptores,
828 947 897 986 oum
914 925 1052 1008 αύερύειν
1076 948 1112 987 ex
1132 917 1171 987 ocii
1196 933 1226 988 et
1244 926 1342 1008 ἐρύειν

165 1024 365 1101 compositum
379 1043 443 1084 esse
458 1029 622 1103 censerent,
641 1031 801 1102 utramque
815 1026 976 1085 lectionem
997 1026 1207 1103 admittebant,
1227 1027 1343 1085 scilieet

165 1112 203 1181 αὖ
231 1119 328 1201 ἐρύειν
355 1119 388 1182 ἐν
416 1120 578 1203 παραθέσει
606 1122 661 1184 δύο
689 1120 811 1200 λέξεων,
838 1119 858 1201 ἢ
885 1121 1022 1202 αύερόειν
1045 1121 1078 1183 ἐν
1106 1121 1245 1184 συνθέσει
1268 1122 1342 1183 κατὰ

48 1212 56 1225 ’
164 1216 257 1297 ύφίν,
285 1221 375 1279 sicuti
402 1222 583 1281 Eustathius
612 1222 650 1279 ad
672 1220 796 1280 Homeri
819 1223 853 1279 Il.
880 1225 908 1298 1,
928 1223 991 1280 459
1023 1243 1049 1298 p.
1074 1224 1206 1297 134,15
1236 1223 1339 1280 tradit.

168 1350 205 1359 -
232 1317 318 1387 Quod
342 1319 379 1376 ad
403 1318 568 1396 Agathiam
591 1319 721 1394 adtinet,
746 1319 885 1394 equidem
908 1339 967 1378 non
996 1319 1115 1397 dubito,
1143 1320 1216 1396 quin
1240 1320 1341 1377 Nonni

164 1417 378 1475 auctoritatem
411 1421 532 1476 secutus
565 1417 618 1495 sit,
656 1417 736 1492 apud
759 1437 849 1494 quem
880 1417 994 1494 ubique
1023 1418 1141 1477 divisim
1173 1407 1212 1476 αύ
1242 1414 1341 1496 ἐρύειν

165 1517 248 1573 extat
271 1514 307 1573 of.
331 1514 453 1591 Dionys.
477 1516 493 1573 I
517 1518 596 1589 2093
623 1515 682 1573 XII
702 1517 779 1588 3883
808 1516 864 1574 XV
884 1519 960 1591 3323
989 1516 1061 1574 XVI
1085 1519 1144 1592 36;
1172 1516 1242 1574 XXI
1262 1518 1341 1591 2683

163 1611 246 1668 XXV
267 1613 339 1672 240.
359 1615 438 1689 4773
461 1613 604 1671 XXXVII
624 1614 701 1689 3273
725 1612 777 1670 XL
797 1615 877 1686 3303
902 1613 1030 1671 XLVIII
1050 1615 1127 1690 8253
1150 1614 1230 1672 unde
1249 1615 1342 1672 etiam

163 1708 269 1767 Ioanni
293 1708 408 1769 Gazaeo
433 1711 538 1786 Eophr.
563 1710 685 1768 tabulae
713 1711 818 1769 mundi
845 1711 876 1769 Π
901 1713 963 1770 105
988 1708 1111 1788 ἔμπαλιν
1139 1709 1341 1790 αύερύουσα

163 1803 234 1884 ῥόον
258 1805 404 1887 φυσήτορι
426 1812 553 1891 πορθμῷ
577 1811 608 1866 et
630 1808 725 1866 Paulo
748 1808 919 1867 Silentiario
943 1809 976 1865 A.
1005 1808 1036 1865 P.
1056 1809 1084 1864 V
1109 1811 1186 1885 248,
1206 1812 1224 1866 2
1253 1806 1340 1888 ἀπρὶξ

164 1900 330 1982 δραξαμένη
353 1904 514 1986 βόστρυχον
537 1905 708 1986 αύερύσαι
737 1907 849 1965 formas
872 1895 916 1964 αὖ
939 1903 1095 1984 ἐρύουσα
1123 1911 1154 1966 et
1177 1897 1215 1966 αὖ
1239 1904 1342 1986 ἐρύσαι

163 2002 365 2062 restituendas
385 2023 450 2063 esse
469 2004 620 2081 sequitur3
644 2024 678 2063 ao
697 2023 802 2064 revera
820 2005 919 2080 priore
938 2006 1004 2064 loeo
1029 2003 1067 2064 αύ
1086 2002 1214 2083 ἐρύουσα
1237 2006 1341 2080 pristi-

163 2118 233 2158 nam
256 2101 366 2160 codicis
390 2102 522 2161 Palatini
546 2102 726 2178 scripturam
749 2103 842 2162 fuisse
865 2103 992 2162 Abelius
1015 2104 1046 2161 in
1070 2104 1220 2179 adparatu
1233 2103 1337 2162 critico

164 2197 329 2275 adnotavit,
353 2201 449 2258 altero
473 2200 538 2276 ipse
561 2197 703 2279 αόερύσαι
726 2219 744 2258 a
768 2199 790 2259 Ο
815 2221 850 2260 ex
873 2190 912 2259 αό
935 2198 1037 2281 ἐρύσαι
1060 2202 1174 2260 factum
1197 2219 1260 2259 esse
1285 2202 1338 2259 ob-

163 2295 289 2372 servavI,
313 2295 344 2353 id
368 2298 448 2372 quod
472 2297 564 2356 etiam
586 2298 622 2355 de
640 2297 743 2374 Erycii
762 2318 852 2358 versu
870 2300 906 2356 A.
925 2300 956 2358 Ρ.
972 2300 1016 2357 VI
1037 2302 1088 2376 96,
1109 2301 1127 2358 3
1147 2295 1230 2356 Πανὶ
1248 2301 1340 2373 φιλω-

163 2391 242 2474 ρείτρι
273 2393 430 2478 Κυλληνίῳ
463 2393 708 2474 αὐερύσαντες
745 2397 859 2457 dietum
893 2397 978 2470 voto,
1012 2415 1072 2473 quo
1106 2396 1220 2454 seilicet
1245 2395 1267 2453 C
1300 2387 1339 2454 αό

162 2485 318 2568 ἐρύσαντες
341 2492 371 2548 in
395 2489 591 2571 αύερύσαντες
609 2494 742 2552 mutavit
759 2488 769 2571 ΙΙ
786 2491 852 2573 περὶ
873 2512 932 2552 aee.
952 2491 974 2551 Ο
992 2488 1003 2569 li
1021 2486 1043 2550 6
1063 2490 1239 2568 ποππύζων]
1263 2512 1339 2552 ποπ-

161 2586 277 2646 πίσδων
301 2581 370 2667 (pro
394 2588 579 2649 ποππύσδων
603 2591 640 2647 ef.
665 2584 843 2650 Theocritus
867 2592 909 2650 Id.
932 2591 959 2646 V
980 2581 1014 2670 7)
1038 2590 1102 2648 MV
1119 2586 1129 2667 Ιλ
1147 2586 1338 2665 όιντεφίλουν]

161 2685 193 2742 in
220 2684 244 2742 P
272 2686 397 2745 dederat
420 2675 469 2764 A,
490 2687 571 2763 quod
602 2688 634 2746 in
662 2683 728 2748 ἀντ’
758 2686 882 2765 ἐφίλουν
911 2687 1088 2749 Omutavit
1109 2682 1120 2765 ΙΙ
1144 2681 1162 2746 7
1188 2683 1233 2763 δὲ]
1259 2682 1339 2746 δέΡ

162 2775 290 2863 (Ab)
310 2780 320 2861 λλ
337 2781 446 2860 πόνου]
472 2786 611 2862 equidem
637 2785 738 2846 πόθου
766 2789 868 2846 malim
892 2789 928 2846 of.
957 2786 1083 2845 Nonnus
1107 2784 1231 2861 Dionys.
1254 2785 1339 2843 XLII

166 2883 226 2939 137
251 2879 352 2957 ἥλικος
375 2878 489 2959 όμματα
511 2883 622 2962 κούρης
643 2878 647 2961 ί
668 2884 870 2963 κυπριδίων
888 2882 1000 2963 ἐλάχεια
1018 2882 1241 2961 παραίφασίς
1260 2879 1338 2941 ἐστιν

161 2974 314 3056 ἐρώτων,
341 2983 401 3039 192
426 2976 528 3060 όλίχην
552 2977 583 3040 δὲ
606 2982 831 3062 παραίφασιν
854 2975 928 3061 είχεν
947 2980 1102 3060 ἐρώτων,
1125 2981 1254 3038 XLVIII
1274 2983 1336 3040 133

161 3076 362 3155 κυπριόίην
382 3074 413 3136 δὲ
435 3079 438 3150 ί
459 3071 515 3157 εἶχε
534 3081 784 3158 παραιφασίην
804 3079 946 3160 χιονώδεα
964 3084 1044 3158 χεῖρα
1063 3075 1179 3154 πιέζων,
1195 3081 1259 3138 870
1273 3074 1338 3158 όίρτι

162 3170 256 3251 μόχις,
279 3174 402 3250 Νίκαια,
425 3176 652 3254 παραίφασιν
672 3170 754 3258 εὗρες
778 3177 929 3257 ἐρώτων,
951 3177 1084 3234 incertus
1109 3177 1186 3251 App.
1207 3177 1250 3235 Pl.
1266 3177 1337 3234 XVI

163 3273 236 3346 373,
257 3275 275 3329 3
300 3269 390 3331 ἐνθεν
416 3270 474 3331 ἐῶν
497 3267 558 3332 τόδ’
589 3271 703 3355 όίχαλμα
726 3276 949 3356 παραίφασιν
978 3266 1062 3352 εὗρεν
1090 3271 1227 3353 ἐρώτων
1249 3269 1259 3354 ss
1281 3294 1336 3332 πα-

162 3367 315 3446 ραίφασίς]
340 3370 540 3450 παραίφρασις
563 3374 594 3430 Μ
616 3369 626 3451 ΙΙ
647 3372 787 3454 γλυκερὴ]
817 3393 877 3433 aee.
907 3372 942 3449 O,
976 3373 1029 3449 qui
1061 3375 1185 3431 acutum
1216 3373 1338 3447 oblevit,

161 3463 286 3546 χλυκέρη
305 3469 336 3526 Μ
353 3464 364 3545 A
380 3467 435 3549 γὰρ
460 3489 519 3529 seo.
539 3469 561 3529 O
586 3490 670 3532 eraso
695 3475 784 3531 acuto
803 3467 812 3548 {i
831 3467 852 3531 8
871 3468 1020 3550 πορθμὸς]
1045 3468 1159 3550 πορμὸς
1177 3472 1215 3528 Μ.
1239 3505 1273 3511 --

578 3767 714 3833 XXVII.
744 3769 917 3832 Παύλου.

273 3929 434 4013 Δειελινῷ
458 3929 616 4010 χαρίεσσα
640 3925 848 4013 Μενεκρατλς
872 3930 1006 4013 έκχυτος
1029 3930 1124 4018 ύπνφ

341 4042 429 4097 κεῖτο
453 4031 526 4119 περὶ
550 4035 737 4119 κροτάφους
759 4045 870 4119 πῆχυν
894 4033 1079 4120 ἑλιξαμένη·

270 4142 435 4222 τολμήσας
459 4135 489 4204 d’
516 4139 637 4223 ἐπέβην
661 4141 781 4224 λεχέων
805 4142 898 4226 ύπερ.
939 4141 993 4228 Ὡς
1017 4140 1053 4207 δὲ
1080 4146 1244 4209 κελεύθου

319 4247 421 4329 ἥμισυ
443 4249 620 4331 κυπριόίης
643 4249 749 4329 ἤνυον
773 4249 951 4329 ἀσπασίως,
