3008 4958
640 289 855 355 ..25-

578 502 648 568 XV.
685 507 763 568 Τοῦ
786 503 919 567 αὐτοῦ.

275 660 332 734 Τίς
354 657 486 740 γυμνὴν
510 655 596 721 οὕτω
620 671 657 721 σε
680 654 735 720 καλ
758 654 911 740 ἐξέβαλεν
933 653 988 720 καὶ
1013 656 1156 740 ἔδειρεν;

345 767 395 840 τίς
417 765 527 847 ννχην
550 767 688 847 λιθίνην
711 758 787 847 εἶχε,
806 760 861 827 καὶ
885 763 947 827 οὐκ
971 765 1120 845 ἔβλεπεν;

251 871 405 954 <Μοιχὸν
430 875 507 947 ἴσως
531 871 676 954 ηὕρηκεν
700 869 843 953 ἀκαίρως
865 880 975 946 κεῖνος
998 868 1152 945 ἔςελθών.

344 979 544 1061 Γινόμενον·
568 986 671 1042 πᾶσαι
693 985 792 1041 τοῦτο
816 985 947 1059 ποοῦσι,
971 973 1100 1041 τέκνον.

163 1101 178 1147 5
242 1068 244 1072 ’
272 1084 370 1167 Πλὴν
393 1083 456 1148 ἀπὸ
481 1094 556 1168 νῦν,
581 1085 661 1150 ὅταν
684 1075 706 1169 ᾖ
728 1107 779 1161 τις
802 1086 877 1166 ἔσω,
901 1094 1010 1161 κεῖνος
1029 1077 1061 1147 δ’
1088 1083 1167 1147 ὅταν
1192 1082 1265 1164 ἔξω,

341 1193 378 1257 τὸ
398 1194 576 1278 πρόθυρον
599 1194 745 1276 σφηνον,
767 1191 811 1274 μὴ
835 1191 913 1255 πάλι
936 1191 1036 1256 ταύτὸ
1059 1190 1198 1276 πάθης.)

591 1392 756 1448 Adnototlo
775 1392 899 1448 critices

248 1529 284 1588 A.
304 1530 336 1588 P.
356 1529 384 1585 V
404 1530 460 1605 41,
488 1528 541 1586 ubi
565 1526 593 1584 A
621 1541 650 1605 ρ·
666 1525 796 1602 ονφίνον
825 1517 906 1608 (sic)
935 1526 1068 1603 scripsit,
1097 1525 1202 1584 deinde
1231 1524 1255 1582 L
1285 1523 1337 1582 ad-

160 1627 271 1685 iunxit:
298 1622 320 1690 ἀι
346 1618 388 1708 (h.
409 1645 432 1684 e.
452 1617 540 1705 προς)
562 1620 609 1683 τιν
626 1622 742 1704 πόρνην
760 1625 924 1704 χλευαστιξ.
964 1625 1000 1682 In
1018 1624 1154 1701 margine
1174 1622 1196 1682 Ο
1216 1622 1336 1699 signum

163 1718 192 1802 μ’
220 1724 368 1800 exaravit,
388 1723 468 1781 unde
487 1723 662 1800 corrigenda
681 1727 764 1800 srmt,
789 1742 866 1800 quae
886 1723 987 1782 Melet.
1007 1721 1057 1781 Gr.
1076 1723 1091 1780 I
1113 1742 1142 1799 p.
1164 1723 1204 1779 14
1223 1720 1337 1780 notavi.

167 1853 202 1861 -
229 1822 424 1898 Epigramma
443 1821 558 1881 omittit
580 1822 617 1898 M,
640 1821 769 1879 fortasse
793 1824 881 1898 recte,
905 1821 1054 1897 siquidem
1074 1820 1167 1878 etiam
1185 1819 1216 1876 in
1235 1816 1336 1876 recen-

162 1920 245 1977 sione
278 1920 432 1977 Planudea
465 1912 545 1996 (VII
576 1939 604 1977 n.
630 1919 723 1977 146f.
758 1916 836 1998 74')
874 1938 942 1976 curn
978 1919 1120 1977 lemmate
1155 1924 1208 1976 τοῦ
1245 1911 1337 1974 αὐτοῦ

162 2018 219 2097 (=
230 2008 403 2097 Ῥουφίνον)
428 2020 519 2075 extat.

252 2117 269 2181 l
296 2120 386 2198 οότω]
411 2125 482 2200 spir.
506 2142 565 2181 acc.
591 2122 613 2181 O
640 2123 748 2181 iisdem
773 2123 867 2200 signis
891 2123 983 2182 erasis
1005 2117 1016 2200 ΙΙ
1039 2116 1059 2180 2
1080 2119 1213 2201 ἔβλεπεν]
1238 2118 1338 2200 ἔβλεπε

162 2216 213 2296 Pu
231 2218 281 2281 καὶ
309 2219 364 2281 οὐκ
393 2219 528 2300 ἔβλεπεν,
552 2221 661 2297 quibus
684 2221 784 2280 verbis
806 2219 834 2276 V
858 2220 888 2278 in
911 2222 1047 2298 margine
1072 2221 1260 2297 corruptelae
1285 2239 1338 2279 no·

160 2323 237 2380 tam:
261 2316 283 2398 †
304 2319 437 2395 adponit,
461 2320 526 2377 iure
550 2318 719 2395 meritoque
743 2318 920 2377 indubium
939 2320 1059 2378 vocavit
1077 2317 1195 2376 Boscha
1213 2318 1336 2376 Anthol.

163 2419 212 2477 Gr.
237 2419 295 2477 vol.
316 2417 344 2473 V
367 2437 395 2492 p.
418 2419 489 2487 162,
514 2417 566 2492 qui
589 2413 639 2475 καὶ
671 2415 726 2476 οὐκ
750 2414 830 2475 ἔλεον
855 2407 932 2496 (scil.
961 2408 1030 2494 εἶχε)
1060 2415 1251 2474 scribendum
1274 2433 1338 2474 esso

162 2516 301 2592 coniecit,
330 2514 405 2572 mihi
433 2515 652 2572 sententiarum
679 2533 809 2574 conexus
837 2514 974 2590 flagitare
1002 2513 1136 2573 videtur:
1165 2512 1209 2583 τίς
1236 2510 1338 2591 ψυχὴν

163 2612 286 2689 λιθίνην
310 2604 379 2689 siper
403 2608 452 2670 καὶ
475 2604 517 2670 οἷ’
547 2608 664 2690 ἔβλεπε;
693 2632 753 2689 qua
776 2611 905 2671 lectione
928 2615 1050 2687 recepta
1072 2611 1196 2671 verbum
1220 2607 1337 2688 βλέπειν

162 2712 290 2770 eundem
313 2711 376 2770 fere
400 2728 521 2768 sensum
544 2710 652 2782 induit,
677 2729 736 2786 quo
760 2709 841 2785 apud
859 2707 1002 2766 Rufinum
1020 2708 1056 2767 A.
1072 2709 1104 2767 P.
1124 2709 1251 2785 V43,6
1273 2702 1338 2787 (τὸν

162 2806 201 2887 μὴ
225 2805 275 2867 καὶ
298 2805 329 2866 τὸ
352 2804 469 2886 βλέπειν
493 2806 590 2866 είδότα
613 2806 663 2867 καὶ
686 2806 717 2866 τὸ
742 2799 851 2887 δέρειν)
877 2801 1070 2885 usurpauit}
1088 2800 1178 2865 3-6
1202 2826 1259 2867 om.
1279 2808 1313 2868 V.
1335 2800 1337 2853 Ι

164 2900 184 2964 3
210 2903 354 2985 ηόρηκεν]
380 2904 504 2984 εὕρηκεν
523 2905 567 2963 Pl.
595 2938 632 2946 -
654 2905 862 2982 Augmcntum
883 2904 904 2961 P
922 2907 1081 2981 praeterea
1103 2905 1134 2962 in
1158 2897 1232 2983 ηὗρε
1255 2907 1336 2983 apud

162 3004 316 3062 Incertum
339 3003 354 3060 Ι
380 3006 452 3079 104,
475 3006 493 3060 2
526 3006 557 3061 et
584 3003 615 3060 in
643 3002 738 3081 ηόραο
766 3002 846 3078 apud
870 3002 1063 3077 Antiphilum
1090 3002 1271 3078 Byzantium
1295 3004 1338 3061 IX

164 3101 238 3175 29,1
257 3098 423 3175 adgnoscit,
433 3118 502 3156 cum
512 3099 670 3174 praeteriti
684 3100 781 3158 forma
795 3118 854 3158 non
870 3102 1066 3175 augmentata
1080 3100 1149 3175 plus
1164 3100 1337 3176 septuagies

163 3199 310 3255 occurrat.
360 3196 450 3271 Apud
478 3195 631 3253 Incertum
662 3198 705 3254 D(
734 3199 851 3273 504‚4
885 3196 951 3255 voci
984 3188 1050 3275 εὗρε
1083 3200 1108 3255 Α
1142 3199 1173 3254 in
1203 3198 1337 3274 margine

161 3284 234 3371 ἧνρε
264 3284 335 3373 (sic)
365 3292 520 3368 opposuit,
549 3293 629 3369 quod
652 3295 815 3369 permirum
843 3297 936 3370 foret,
964 3294 1023 3352 nisi
1050 3296 1244 3354 manifestum
1267 3295 1338 3354 scri-

160 3396 269 3467 pturae
297 3391 439 3449 mendum
466 3410 521 3466 pro
548 3382 600 3471 ἦρε
629 3394 723 3452 oculis
748 3412 782 3451 ac
810 3393 947 3451 manibus
971 3395 1126 3452 teneretur
1152 3390 1162 3469 ΙΙ
1188 3390 1338 3463 ἔςὲλθεόν

162 3490 185 3546 P
204 3485 214 3565 ss
233 3481 254 3548 4
277 3486 448 3568 γινόμενον]
473 3487 649 3568 γιγνόμενον
673 3492 731 3567 Ρ1.;
755 3491 998 3566 interpunctione
1022 3495 1092 3566 post
1114 3488 1243 3561 ἔςελθὼν
1267 3492 1336 3549 sub·

112 3661 114 3665 ¹
161 3587 225 3645 lata
260 3585 464 3665 κρυπτόμενον
498 3588 654 3647 lacobsius
689 3590 748 3648 vol.
771 3590 818 3647 ΙΙΙ
849 3610 877 3664 p.
908 3592 946 3648 61
984 3592 1127 3665 temptat,
1164 3587 1338 3667 κλινόμενον

162 3684 280 3742 Hecker
308 3683 506 3743 Commentat.
537 3683 608 3743 Orit.
637 3687 673 3744 de
697 3687 789 3745 Anth.
815 3686 863 3744 Gr.
892 3708 921 3762 p.
946 3689 1001 3760 36,
1034 3688 1086 3745 sed
1115 3688 1234 3747 omnino
1262 3687 1339 3745 nihil

162 3782 362 3839 mutandum:
405 3783 441 3840 de
489 3783 640 3842 sententia
678 3784 714 3841 cf.
753 3784 882 3860 Bentley
923 3785 961 3842 ad
1001 3785 1119 3843 Terent.
1157 3785 1284 3859 Adelph.
1323 3785 1338 3842 I

165 3881 196 3950 1,
226 3880 268 3937 30
301 3881 420 3938 conlato
453 3879 640 3939 Aristaeneti
672 3881 738 3940 loco
771 3882 868 3957 Epist.
897 3881 928 3939 ll
956 3884 997 3939 22
1031 3901 1058 3955 p.
1085 3884 1145 3939 171
1178 3874 1337 3960 (Heroher)

161 3972 303 4055 γυναικὸς
331 3972 372 4033 ἔτι
394 3976 668 4055 προςεμβατεόοντα
690 3975 742 4037 τόν
765 3977 868 4057 μοιχὸν
896 3975 984 4037 ἔνδον
1006 3976 1141 4056 ἐχούσης,
1164 3977 1241 4037 οὕτω
1265 3995 1338 4056 σομ-

160 4071 235 4151 βάν,
268 4068 284 4130 ὁ
319 4072 426 4149 ταύτης
455 4070 531 4152 ἀνὴρ
559 4072 588 4146 ἔξ
622 4073 789 4150 ἀλλοδαπῆς
821 4071 984 4155 ἀφιγμένος
1016 4073 1118 4134 ἔκοπτε
1149 4074 1205 4152 την
1236 4077 1338 4155 θύραν

161 4170 222 4248 δόμα
253 4172 343 4249 βοῶν.
402 4171 549 4229 Similiter
580 4172 740 4252 γενόμενον
772 4172 867 4244 οὕτως
899 4173 1056 4249 Eunapius
1089 4173 1208 4232 Maxim.
1240 4196 1269 4250 p.
1295 4177 1334 4234 51

163 4261 377 4348 (Boissonade)
411 4269 589 4344 interponi13
624 4275 758 4331 ceterum
789 4272 826 4330 cf.
860 4291 937 4349 quae
970 4273 1007 4330 ad
1044 4291 1148 4332 vocem
1179 4270 1336 4351 γινόμενον

160 4367 382 4426 inlustrandam
406 4366 658 4445 Wyttenbachius
686 4370 724 4427 ad
742 4370 860 4445 Eunap.
884 4362 1071 4450 (Prohaeres.
1094 4391 1123 4450 p.
1145 4364 1199 4449 91)
1224 4372 1283 4432 vol.
1306 4372 1337 4433 II
