3008 4958
634 280 851 339 ..43-

156 445 340 520 praescripta
359 476 393 484 -
412 463 482 502 nam
503 444 624 521 Dionys.
639 443 714 502 XIII
729 444 793 502 354
813 441 936 519 νύμφης
959 438 1047 502 ἕδνον
1070 441 1176 521 ἔρωτος
1194 441 1329 515 ἐπάξιον·

154 534 173 620 ἦ
206 535 233 622 ῥ’
266 539 324 601 ἀπὸ
358 540 479 619 φύλλων
506 541 672 601 rectissime
700 539 837 599 Graefius
869 531 905 617 ἧς
937 533 1035 619 prod]
1063 534 1091 620 ῤ’
1123 541 1259 617 reposuit
1289 572 1325 581 -

155 659 292 717 egressus
321 643 367 699 est
394 641 430 698 cf.
458 643 616 716 praeterea
638 640 674 697 A.
693 640 725 698 P.
746 639 772 695 V
794 641 871 715 300,
897 641 914 698 5
939 638 992 697 καί
1014 632 1041 718 ῥ’
1072 635 1087 698 ὁ
1116 635 1170 716 μὲν
1199 637 1330 697 ἱκεσίαισι

154 736 252 798 πεσὼν
271 737 431 815 θηλάνεται
455 736 565 809 οἴκτοις
585 741 616 797 et
634 737 742 814 Ecphr.
762 736 908 796 Ambonis
930 739 992 795 223
1013 736 1065 795 καί
1082 730 1109 816 ῥ’
1131 732 1147 795 d
1167 731 1220 814 μὲν
1239 732 1330 813 ἀμφι-

154 839 244 915 τιλῆχι
266 835 421 895 τιταίνετον
444 835 553 907 εἴκελος
572 835 680 918 ἰσθμῷ.
726 835 859 894 Accedat
878 834 1007 911 denique
1029 831 1086 914 άρα
1106 837 1212 894 contra
1229 834 1331 892 Nonni

155 933 411 1011 consuetudinem,
431 934 484 1010 qui
502 933 712 993 tantummodo
733 933 764 991 in
783 951 888 994 versus
907 934 1044 991 clausula
1063 927 1200 1011 (Dionys,
1217 931 1260 988 VI
1276 932 1330 1004 843

155 1033 182 1090 X
201 1033 279 1107 4003
297 1032 441 1090 XXXVII
456 1033 533 1108 2333
551 1031 695 1107 Paraphr.
715 1031 830 1108 Evang.
850 1029 910 1089 VH
924 1032 965 1090 46
986 1050 1022 1089 ex
1040 1029 1208 1090 Ludwichii
1232 1047 1330 1087 emen·

156 1129 276 1190 datione
299 1131 318 1188 l.
344 1148 368 1188 c.
392 1151 420 1206 p.
441 1122 498 1208 20)
523 1130 561 1187 ad
584 1129 708 1188 Homeri
732 1130 902 1206 exemplum
925 1122 975 1206 (Il.
996 1130 1025 1204 3,
1045 1131 1122 1204 3623
1147 1129 1185 1186 cf.
1208 1127 1332 1202 insuper

157 1229 185 1304 5,
206 1231 283 1303 2993
316 1231 366 1304 17,
386 1226 419 1300 4)
450 1223 528 1305 άμφλ
556 1219 584 1284 d’
615 1219 662 1305 ἄρ’
688 1223 768 1308 αὐτῷ
792 1226 977 1301 adhibuerit,
1004 1226 1051 1284 bis
1075 1245 1093 1284 a
1115 1226 1211 1285 Paulo
1237 1224 1331 1283 Silen-

156 1325 245 1386 tiario
275 1327 397 1384 elisum:
425 1325 534 1401 Ecphr.
563 1325 691 1401 Magnae
715 1324 869 1382 Ecclesiae
893 1324 924 1382 Π
944 1326 1006 1382 122
1038 1317 1089 1404 (ex
1116 1317 1206 1402 coni.)
1234 1319 1332 1381 νειόθι

157 1419 315 1483 λαϊνέοισιν
344 1416 391 1482 ἐπ’
422 1421 545 1501 ἴχνεσιν·
570 1421 602 1494 ιἐξ
634 1414 664 1479 d’
690 1414 742 1500 ἄρ’
772 1414 824 1480 ὑπ’
855 1419 977 1497 adaloch]
1007 1426 1037 1480 et
1060 1424 1096 1479 A.
1115 1422 1147 1480 Ρ,
1172 1422 1199 1477 V
1220 1423 1331 1497 272,5

154 1520 245 1599 ἥμισυ
263 1519 319 1600 γάρ
338 1519 457 1604 Παφίη,
475 1517 507 1578 τὸ
527 1512 556 1577 d'
577 1511 630 1597 ἄρ’
650 1516 742 1597 ἥμισυ
766 1518 859 1578 δῶκεν
879 1511 1004 1600 Ἀθήνη.
1027 1519 1145 1576 —Iam
1168 1517 1332 1599 videamus

155 1619 288 1696 quidde
312 1617 446 1695 Agathia
469 1617 663 1694 scholastico,
687 1616 776 1676 Pauli
799 1616 919 1694 aequali
947 1620 978 1676 et
1004 1617 1112 1694 amico,
1136 1616 1331 1676 statuendum

155 1717 210 1775 sit!
243 1717 279 1774 In
302 1715 454 1792 particula
476 1735 506 1774 τε
534 1714 673 1774 elidenda
700 1714 774 1774 fines
803 1733 821 1774 a
843 1714 951 1774 Nonne
975 1715 1158 1774 constitutos
1181 1733 1331 1791 nusquam

156 1815 206 1873 ille
226 1813 360 1890 transiit3
379 1813 484 1890 itaque
502 1804 531 1871 r’
552 1815 644 1872 semel
663 1813 695 1871 in
714 1813 774 1872 arsi
789 1812 911 1872 secundi
927 1812 1012 1888 pedis
1028 1805 1077 1892 (A.
1092 1814 1124 1871 P.
1140 1813 1182 1871 XI
1198 1815 1271 1889 376,
1286 1805 1331 1893 4),

156 1912 248 1970 semel
271 1911 302 1968 in
326 1911 387 1970 arsi
411 1911 512 1988 quarti
534 1911 619 1987 pedis
644 1904 694 1991 (A.
714 1911 744 1969 P.
765 1912 792 1967 V
814 1913 886 1987 299,
907 1908 952 1988 5),
975 1911 1022 1969 bis
1044 1911 1076 1968 in
1100 1911 1207 1987 quinta
1226 1929 1330 1970 versus

155 2011 215 2068 arsi
233 2001 283 2090 (A.
304 2009 335 2068 P.
355 2009 398 2067 IX
419 2011 491 2086 642,
512 2011 530 2069 3
552 2013 583 2069 et
605 2012 678 2085 665,
698 2001 732 2090 5)
752 2009 885 2085 itemque
904 2009 935 2066 in
954 2009 1120 2085 posteriore
1138 2008 1229 2084 primi
1246 2008 1332 2083 pedis

154 2109 232 2167 thesi
255 2103 305 2184 (A.
324 2108 356 2167 P.
376 2108 404 2164 V
424 2109 498 2182 297,
518 2110 536 2168 5
558 2111 589 2166 et
607 2108 651 2166 VI
674 2111 746 2185 167,
766 2102 800 2185 5)
824 2107 973 2183 reperies3
997 2105 1121 2165 accedat
1143 2108 1333 2180 pentameter

155 2206 190 2264 A.
208 2206 241 2264 P.
263 2205 320 2264 Vll
340 2207 413 2281 589,
434 2207 453 2263 4
477 2208 598 2282 θεσμῶν
621 2198 649 2264 τ’
676 2202 837 2265 Αὐσονίαν
860 2201 963 2263 ἐλπίδα
986 2203 1145 2282 μαψιδίην,
1168 2235 1208 2243 -
1235 2222 1332 2279 neque

155 2323 191 2362 ex
223 2303 455 2380 epigrammate,
488 2304 568 2380 quod
600 2303 755 2363 Iacobsius
787 2303 846 2362 vol.
877 2303 908 2361 Π
944 2324 971 2379 p.
1003 2305 1065 2362 792
1103 2302 1134 2360 in
1168 2301 1331 2378 appendice

155 2421 183 2457 n.
200 2402 262 2458 102
288 2399 436 2474 exhibuit,
460 2419 580 2460 versum
600 2405 617 2460 7
623 2449 628 2460 .
648 2408 700 2478 τῆς
715 2396 845 2478 Ἑκάβης
871 2397 955 2477 ἔτλην
979 2399 1055 2460 πολὺ
1079 2399 1211 2480 χείρονα,
1235 2406 1287 2476 τῆς
1304 2391 1330 2457 τ’
1367 2476 1371 2486 ⁸

154 2495 302 2573 Ἰοκάστης
315 2497 375 2556 huc
393 2499 512 2558 trahere
531 2501 731 2578 neglegerem,
751 2499 809 2558 nisi
822 2499 946 2558 lemma:
965 2495 1095 2579 άχαθίον
1115 2498 1156 2570 εἰς
1175 2495 1332 2576 μανρίκιον

156 2590 289 2673 βασιλέα,
320 2615 378 2673 quo
410 2615 529 2657 carmen
560 2598 591 2656 in
624 2598 726 2658 codice
758 2598 906 2658 Vaticano
931 2596 980 2656 Gr.
1008 2617 1037 2654 u.
1065 2599 1104 2656 29
1129 2596 1149 2654 f.
1175 2597 1256 2654 484Υ
1288 2595 1332 2653 iu-

158 2695 307 2752 structum
335 2713 399 2754 esse
428 2695 507 2774 vidi,
536 2715 554 2755 a
581 2716 653 2757 vcro
681 2695 857 2774 longissime
885 2696 1011 2755 abesset.
1039 2727 1083 2735 —
1107 2692 1219 2754 Contra
1242 2692 1279 2773 ῥά
1303 2695 1333 2752 et

155 2786 213 2870 άρα
245 2792 328 2868 apud
355 2794 519 2871 Agathiam
546 2794 647 2853 Nonni
677 2794 797 2872 legibus
827 2794 950 2854 violatis
983 2793 1139 2852 elisionem
1173 2792 1334 2870 patiuntur

157 2890 192 2947 cf.
217 2890 252 2947 A.
272 2889 305 2949 P.
329 2891 372 2948 IX
392 2893 509 2967 677,5
538 2891 590 2951 καί
616 2885 642 2971 ῥ’
674 2887 690 2950 d
719 2887 773 2968 μὲν
801 2891 842 2962 εἰς
871 2887 974 2970 ὀλίγην
997 2895 1090 2949 κεῖται
1117 2887 1216 2949 κόνιν·
1248 2883 1267 2963 ν)
1301 2883 1332 2947 δὲ

155 2984 289 3063 περισσή,
315 3018 351 3027 -
382 2987 404 3042 V
430 2990 556 3070 269,.7ι
581 2984 712 3066 ὀχθήσας
741 2981 769 3045 d'
799 2981 856 3066 ἄρ’
887 2985 998 3047 ἓέιτιον·
1034 2985 1100 3064 ἐμοὶ
1129 2986 1200 3065 τάχα
1227 2983 1277 3045 καὶ
1300 2982 1331 3044 τὸ

157 3075 324 3157 φιλεῖσθαι,
347 3084 374 3140 X
395 3086 482 3159 68,1
512 3081 603 3143 καλὸν
636 3080 691 3162 μὲν
719 3081 918 3163 στνχόδεμνον
946 3081 1021 3162 ἔχειν
1048 3081 1133 3143 νόον·
1167 3081 1193 3141 εί
1220 3075 1248 3140 d’
1277 3075 1330 3161 ἄρ’

157 3175 287 3258 άνάχιιη,
322 3180 365 3237 XI
390 3182 501 3256 64,12
530 3187 582 3257 τῆς
610 3173 638 3239 d’
670 3173 722 3261 ἅμ’
753 3173 805 3240 ὑπ’
835 3178 950 3265 §lamp
979 3188 1093 3258 μοῦνον
1121 3178 1301 3258 ἕααιζόμεθα
1323 3220 1332 3261 „

159 3270 203 3335 lt
227 3273 435 3356 περιπλέχδην]
464 3275 531 3357 περὶ
553 3275 682 3358 πλὲχδην
705 3279 779 3355 ΡΜ,
809 3279 861 3338 sed
889 3279 920 3337 in
946 3279 970 3337 P
993 3279 1075 3356 prior
1103 3282 1243 3338 accentus
1268 3297 1286 3338 a
1309 3277 1331 3338 0

157 3379 203 3434 est
225 3376 361 3436 adiectus
380 3370 390 3455 Ι)
408 3373 500 3452 ἅψεα]
520 3371 600 3453 diora
618 3376 645 3434 A
665 3377 801 3448 dederat3
827 3397 900 3436 corr.
921 3376 951 3437 0.
989 3379 1024 3436 ln
1044 3378 1108 3437 MV
1127 3377 1207 3455 όψεα
1226 3380 1310 3437 extat
1324 3446 1332 3454 ,χ

159 3466 201 3532 17
226 3471 289 3554 τρὶς
312 3472 421 3554 μάκαρ]
447 3473 606 3555 τριςμάκαρ
629 3476 705 3553 ΡΜ,
732 3495 809 3554 quae
838 3479 979 3536 accentus
1009 3477 1087 3536 ratio
1111 3468 1217 3557 (sicuti
1241 3475 1332 3534 etiam

157 3570 238 3646 apud
267 3572 447 3649 Gregorium
474 3572 698 3632 Nazianzenum
721 3568 757 3633 A.
776 3574 809 3633 P.
828 3574 904 3633 VIII
928 3577 978 3652 29,
1000 3578 1017 3633 7
1048 3578 1079 3633 et
1102 3574 1183 3650 apud
1208 3573 1332 3631 Simiam

157 3668 307 3727 Rhodium
330 3668 366 3728 A.
386 3669 418 3728 P.
442 3670 497 3727 XV
521 3673 577 3748 22,
602 3666 636 3750 5)
670 3672 826 3749 synthesim
859 3673 992 3732 excludit
1024 3674 1061 3731 cf.
1094 3672 1264 3748 Nauclrius,
1295 3671 1332 3730 de

159 3765 310 3842 Aristoph.
325 3766 395 3842 Byz.
410 3787 438 3842 p.
452 3752 517 3826 '177
527 3786 569 3846 sq.
590 3772 621 3828 et
639 3770 793 3848 Melanges
809 3769 1061 3831 Greco-Romains
1085 3771 1142 3830 vol.
1158 3769 1202 3827 IV
1221 3789 1248 3843 p.
1269 3771 1332 3827 160

158 3881 185 3919 n.
212 3865 266 3939 17,
293 3863 461 3924 Lobeclrius
485 3865 720 3926 Pauor-Elem.
744 3869 802 3928 vol.
827 3870 842 3927 I
871 3890 900 3945 p.
925 3871 987 3928 585
1011 3863 1021 3945 (l
1044 3865 1077 3938 ός
1094 3867 1125 3924 M
1147 3860 1158 3944 ΙΙ
1179 3864 1285 3925 τοίοισι
1308 3865 1331 3923 P

159 3950 200 4038 (f
220 3958 256 4032 Α,
271 3983 278 4004 ι
291 3954 327 4039 O)
365 3960 448 4040 φίλη,
472 3962 634 4042 δεσμοῖσιν]
659 3959 885 4044 φιληὸἓσμοισιν
903 3966 940 4043 Ρ,
963 3965 1016 4024 ubi
1035 3963 1194 4024 dubitandi
1212 3964 1332 4040 siguum

157 4048 214 4138 (ί)
238 4057 260 4117 O
285 4057 401 4118 addidit
423 4060 611 4122 circumflexo
635 4082 729 4142 eraso,
753 4065 806 4140 qui
825 4082 917 4141 supra
940 4084 968 4122 οι
990 4062 1108 4138 positus
1132 4065 1210 4137 erat3
1234 4062 1332 4138 φίλοις

159 4154 309 4234 δεσμοῖσιν
320 4156 485 4217 Salmasius
499 4159 531 4216 in
550 4162 685 4239 margine
700 4161 868 4240 apographi
879 4159 1033 4219 Guietiani
1047 4159 1184 4237 coniecit,
1194 4191 1237 4200 -
1248 4159 1331 4245 φίλη,

159 4252 308 4332 δεσμοῖσιν
337 4254 479 4314 Pauwius
502 4255 534 4313 in
560 4259 641 4318 notis
659 4259 871 4335 manuscriptis
895 4257 1077 4334 temptabat,
1101 4257 1178 4316 falso
1201 4262 1330 4337 uterquc

159 4353 196 4412 cf.
215 4352 399 4414 Boissonade
419 4353 457 4412 ad
476 4353 574 4412 Rufin.
593 4354 629 4414 A.
647 4356 680 4414 P.
699 4358 798 4433 7-22,
818 4359 836 4417 5
855 4351 866 4435 ΙΙ
883 4352 998 4434 ἕλίχθη)
1017 4352 1120 4434 ἕλίχθη
1138 4356 1209 4436 MV,
1233 4378 1330 4437 neque
