3008 4958
662 196 884 260 ..24-

318 361 370 420 καί
391 383 425 440 με
444 358 547 441 κριτὴν
570 359 696 420 εἴλοντο·
720 358 770 419 καὶ
793 354 832 431 ὡς
855 357 925 419 θεαὶ
948 360 982 419 αλ
1002 360 1187 442 περίβλεπτοι

401 457 525 536 ἔστησαν
547 459 668 539 μνμναί,
691 454 807 537 νέκταρι
825 457 1000 536 λειβόμεναι.

188 567 204 615 5
321 554 380 615 Καὶ
399 552 540 633 Ῥοδόπης
565 552 619 634 μὲν
642 553 749 634 ἔλαμπε
765 553 859 633 ’μέσος
883 552 985 635 μηρῶν
1008 557 1178 635 πολάτιμος,

402 647 450 712 οἷα
473 651 570 732 doddo
593 657 685 736 πολιῷ
709 651 876 732 σχιζόμενος
899 653 1043 738 Ζεφύρῳ·

324 758 376 828 τῆς
400 747 431 809 δὲ
451 746 631 828 Ῥοδοκλελης
655 749 734 835 ὑάλῳ
758 750 832 827 ἴσος,
855 748 1072 830 ὑγρομὲτωπος,

380 841 451 908 ὀἷα
473 847 523 908 καλ
545 847 578 908 ἕν
601 854 665 931 νηῷ
689 844 897 929 πρωτογλνφὲς
920 847 1037 920 ξόανον.

318 941 403 1006 Ἀλλά
427 955 530 1023 σαφῶς
553 944 572 1006 d
594 940 729 1007 πέπονθε
752 945 850 1026 Πάρις
874 944 923 1005 διὰ
947 945 1001 1024 τὴν
1024 948 1121 1030 κρίσιν
1145 946 1231 1020 εἰδὼς

401 1042 452 1116 τὰς
476 1050 552 1125 τρεῖς
576 1043 731 1116 ἀθανάτας
755 1043 834 1105 εὐθὺ
858 1045 1106 1122 συνεστεφάνονν.

192 1196 320 1255 Rufinus
344 1181 596 1274 postquam'tres
623 1198 755 1273 puellas,
783 1197 959 1275 Rhodopen,
987 1197 1126 1268 Meliten,
1154 1199 1367 1278 Rhodocleam,

191 1295 256 1370 ipso
280 1297 371 1371 poeta
394 1295 492 1353 iudice
515 1314 600 1371 usas,
628 1295 659 1352 in
678 1297 829 1353 certamen
856 1296 892 1354 de
917 1295 1034 1353 5511555
1058 1296 1153 1371 partis
1176 1298 1367 1372 praestantia

190 1392 378 1450 descendisse
402 1393 524 1451 rettulit
548 1385 804 1474 (v.1-4),non
828 1393 890 1452 sine
913 1393 1077 1470 pigmentis
1101 1394 1230 1471 fucoque
1254 1396 1367 1471 puerili

188 1490 349 1565 Rhodopes
380 1485 414 1564 (5
431 1482 489 1571 sq)
513 1494 543 1550 et
569 1490 758 1549 Rhodocleae
788 1482 821 1571 (7
838 1484 896 1568 sq.)
924 1492 1044 1550 lumbos
1074 1491 1229 1569 describit,
1260 1492 1367 1552 deinde

191 1581 223 1669 (9
241 1584 298 1664 sq.)
323 1607 363 1665 se,
387 1588 503 1647 Paridis
527 1608 701 1664 memorem,
726 1589 770 1646 ita
793 1589 829 1646 de
854 1590 1058 1649 controversia
1082 1589 1226 1648 decidisse
1254 1595 1367 1668 narrat,

188 1689 224 1744 ut
248 1686 338 1743 simul
359 1689 389 1744 et
407 1686 581 1763 Rhodopen,
606 1689 636 1745 et
656 1685 787 1761 Meliten,
812 1689 842 1744 et
860 1687 1062 1746 Rhodocleam
1082 1691 1248 1746 coronaret.
1278 1687 1367 1757 Quod

189 1783 334 1842 iudicium
362 1783 489 1842 rationis
517 1802 622 1860 expers
651 1802 730 1859 esse,
758 1782 816 1840 nisi
844 1788 1001 1859 praeterea
1029 1785 1147 1843 Melites
1170 1786 1291 1844 lumbus
1316 1788 1368 1845 de-

188 1879 341 1958 pingatur,
365 1881 396 1938 in
420 1883 523 1940 oculos
546 1881 686 1958 incurrit,
715 1901 812 1958 neque
836 1883 864 1940 J.
885 1881 918 1940 G.
939 1882 1154 1940 Schneiderum
1177 1882 1270 1941 Peric.
1295 1882 1368 1944 Crit.

190 1999 218 2054 p.
241 1980 303 2037 104
332 1997 379 2037 res
409 1979 511 2038 latuit.
557 1979 629 2038 Post
656 1998 776 2040 versum
804 1982 921 2038 sextum
953 1980 1102 2038 distichon
1130 1979 1167 2038 de
1191 1981 1294 2039 Melite
1319 2001 1367 2039 ex-

192 2076 298 2135 cidisse
322 2076 476 2136 lacobsius
500 2079 558 2137 vol.
578 2078 625 2135 HI
643 2098 672 2153 p.
694 2080 732 2136 59
758 2077 946 2135 adsentiente
965 2077 1126 2135 Duebnero
1146 2079 1264 2156 statuit,
1289 2099 1367 2155 quae

191 2175 364 2233 coniectura
388 2194 458 2233 sane
482 2194 609 2252 magnae
632 2174 856 2250 probabilitatis
888 2175 1018 2250 speciem
1045 2175 1150 2251 habet,
1174 2176 1199 2233 si
1224 2177 1367 2252 ordinem,

190 2291 250 2348 quo
273 2273 393 2348 puellae
408 2267 444 2332 ’5.
468 2276 493 2330 1.
518 2275 739 2348 enumerantur,
764 2276 891 2348 spectas,
914 2292 968 2332 nec
991 2276 1092 2331 tamen
1116 2274 1190 2332 adeo
1215 2277 1261 2333 est
1285 2279 1367 2333 certa

191 2372 283 2446 atque
308 2371 472 2445 explorata,
496 2371 615 2428 utalia
639 2370 669 2426 15
694 2371 790 2427 aleam
820 2371 885 2428 dari
913 2390 971 2429 non
995 2371 1098 2446 possit.
1145 2371 1295 2447 Equidem
1319 2392 1366 2431 co-

191 2467 265 2525 dicis
289 2467 420 2525 Palatini
443 2467 551 2525 habitu
574 2467 715 2544 adducor,
738 2470 774 2526 ut
796 2471 866 2542 post
889 2487 1009 2528 versum
1030 2470 1057 2527 8.
1077 2467 1227 2526 distichon
1251 2470 1286 2527 de
1305 2471 1366 2528 hle-

195 2564 249 2623 lite
265 2564 452 2622 intercidisse
468 2564 655 2640 distichoque
671 2564 717 2621 illi
731 2565 822 2622 verba
837 2563 887 2624 τὸν
903 2559 930 2624 δ’
947 2563 1194 2644 ὑπεροιὸαίνοντα
1212 2564 1368 2627 κατέσκεπε

191 2658 359 2739 πεπταμὲνη
392 2658 451 2741 χεὶρ
478 2659 482 2734 Ι
510 2659 564 2740 οὐχ
591 2660 659 2720 ὅλον
684 2658 844 2741 Εὐρώταν,
875 2656 938 2720 ἀλλ’
969 2661 1039 2722 ὅσον
1068 2659 1198 2740 ἠδύνατο
1226 2665 1368 2739 primitus

192 2762 362 2820 adhaesisse
383 2760 510 2818 credam.
557 2758 612 2817 Oui
633 2761 804 2835 opinionem
823 2761 1069 2836 probabilitatem
1090 2761 1239 2836 quandam
1259 2763 1368 2823 Suidas

193 2861 342 2930 conciliat,
363 2858 538 2936 quiquidem
562 2859 582 2918 l.
601 2878 625 2916 c.
650 2859 942 2934 interpretationem:
966 2857 1033 2938 περὶ
1057 2857 1174 2917 αἰδοίου
1194 2855 1328 2940 ἀνδρὸς
1353 2859 1368 2921 ὁ

138 2987 140 2989 ·
192 2957 276 3037 λόγος
296 2957 473 3033 subiungat,
496 2956 565 3015 inde
589 2957 704 3015 scilicet
722 2960 833 3032 natam,
859 2958 938 3034 quod
957 2977 1010 3032 pro
1031 2976 1086 3015 sua
1105 2957 1240 3015 socordia
1259 2959 1367 3018 iudicis

192 3055 359 3114 membrum
373 3054 528 3131 prurigine
544 3056 661 3114 tentum
682 3055 844 3132 significari
861 3055 1016 3130 putaverit
1037 3055 1073 3112 cf.
1088 3053 1216 3129 Erycius
1231 3055 1308 3132 App.
1324 3058 1368 3116 Pl.

193 3153 264 3210 XVI
276 3155 348 3228 242,
361 3156 388 3211 5.
423 3152 536 3221 Quodsi
553 3172 588 3210 cx
599 3153 815 3230 epigrammate
833 3155 866 3210 A.
878 3153 908 3210 P.
919 3151 947 3208 V
959 3156 999 3211 60
1010 3166 1115 3212 versus
1126 3150 1369 3232 deprompsisset,

192 3250 327 3326 profecto
342 3268 401 3307 non
416 3249 557 3307 inretitus
573 3253 651 3308 esset
665 3250 744 3308 15511
760 3251 867 3309 erroris
878 3250 995 3326 laqueis
1013 3245 1023 3326 Ι(
1042 3243 1062 3307 5
1079 3249 1130 3309 τὸν
1145 3235 1264 3332 δζὺπὲρ
1276 3251 1368 3310 οἰδαί-

194 3349 317 3406 νονταΡ
332 3338 551 3428 (5551551555),
566 3349 618 3406 ubi
628 3352 748 3423 praeter
757 3349 888 3424 primum
897 3350 928 3406 et
937 3348 1062 3406 tertium
1071 3350 1257 3409 accentumC
1270 3350 1369 3408 omnia

193 3446 279 3522 signa
302 3445 443 3520 adposuit
460 3438 471 3522 ((
488 3442 642 3504 κατέσκεπε
665 3443 846 3522 πεπταμένη]
871 3446 902 3502 15
922 3446 945 3502 Ρ
969 3447 1141 3506 accentibus
1165 3447 1309 3506 instruxit
1329 3448 1367 3523 O,

193 3539 311 3602 κατέσκε
341 3539 509 3620 πεπταμένη
538 3545 600 3601 cod.
625 3544 756 3619 Arapud
781 3543 920 3620 Suidam,
947 3543 1066 3603 κάτεσκε
1094 3543 1224 3622 πταμένη
1253 3545 1314 3603 cod.
1341 3545 1366 3599 V

192 3676 310 3747 ibidem,
334 3645 452 3734 κατέσλε
476 3673 644 3753 πεπταμένη
662 3678 697 3753 R,
720 3677 800 3735 unde
825 3678 895 3736 olim
915 3674 1050 3757 κατέσχεν
1068 3674 1237 3755 πεπταμὲνη
1262 3678 1368 3736 edeba-

195 3778 246 3832 tur
264 3768 274 3850 (
293 3767 314 3830 o
335 3774 451 3850 profert
474 3772 654 3832 Eustathius
679 3775 717 3833 ad
740 3775 862 3833 Homeri
887 3775 1041 3852 Odyssl,
1063 3779 1078 3833 1
1104 3797 1131 3851 p.
1154 3777 1248 3852 1478,
1264 3778 1319 3834 39:
1343 3777 1369 3835 εἰ

196 3865 312 3949 (malim
337 3865 393 3947 ὅτι)
422 3866 453 3928 δὲ
486 3870 537 3929 καί
568 3892 594 3929 τι
624 3869 727 3950 μόριον
752 3871 883 3950 σώματος
911 3870 1054 3952 Εὐρώτας
1085 3870 1208 3952 λέγεται,
1236 3873 1324 3951 δηλοῖ
1352 3872 1367 3934 ὁ

193 3968 311 4048 γράψας
335 3966 460 4047 ἐλεγεῖον
483 3967 527 4027 τό·
547 3967 601 4048 οὐχ
619 3967 689 4028 όλον
707 3974 765 4029 κτλ.
784 3968 794 4047 ((
812 3968 971 4049 Εὐρώταν]
991 3969 1122 4050 εόρώτην
1142 3973 1205 4030 cod.
1225 3973 1340 4031 Musuri
1359 3966 1367 4051 ,]

195 4063 319 4126 άλλὸσον
340 4067 363 4124 Ρ
383 4068 479 4124 altero
503 4067 568 4125 loco
587 4064 745 4144 (ἠδύνατο
770 4068 792 4124 Ρ
815 4071 917 4127 nostro
940 4071 1015 4145 loco,
1039 4066 1057 4146 ἠ
1077 4070 1108 4126 15
1127 4088 1233 4128 rasura
1253 4063 1320 4150 (pro
1344 4091 1367 4146 ε,

195 4169 231 4224 51
250 4156 384 4246 videtur)
408 4164 544 4239 reposuit
567 4163 598 4241 O,
622 4166 670 4224 cui
690 4167 781 4224 etiam
805 4169 947 4226 accentus
970 4167 1102 4227 debetur.
1132 4200 1168 4208 —
