3008 4958
649 242 867 304 .-,,γ,ἢ

301 397 404 466 νύκτα
428 395 472 465 δι’
500 399 693 486 ἀμβροσίήν,
719 399 772 464 ὅτε
796 396 831 463 o'
859 400 995 465 εὕδουσι
1019 398 1134 485 βροτοὶ
1157 403 1265 468 ἀλλοι·

301 508 419 594 ῥόχθει
443 508 507 592 γὰρ
529 506 612 592 μέγα
635 515 722 592 κῦμα
745 505 821 573 ποτὶ
845 506 942 594 ξερὸν
964 507 1123 592 ἠπείροιο.

293 613 409 680 Ὅσσαι
431 616 494 701 γὰρ
518 612 635 691 νύκτες
657 638 691 679 τε
714 613 770 679 καλ
793 611 912 699 ήμέραι
936 613 1120 698 ἐκγεγάασι,

169 741 201 789 10
300 721 469 804 παρθένος
490 722 606 806 ήΐθεός
628 719 656 787 τ’
685 723 855 806 ὀαρίζετον
878 720 1072 805 ἀλλήλοισιν

300 832 346 906 είς
369 830 472 914 εὐνήν
495 839 668 913 φοιτῶντε,
693 832 813 914 φίλους
837 831 981 912 λήθοντε
1005 838 1134 913 τοκῆας,

300 940 335 1003 οἳ
356 938 489 1020 Σήστὸν
511 934 566 1001 καὶ
580 934 729 1020 ’Ἄβυδον
753 939 830 1020 ἔχον
853 934 907 1000 καὶ
932 937 1008 1001 δῖαν
1028 931 1192 1021 Ἀρίσβην.

602 1164 765 1220 Adnetotlo
784 1164 908 1221 criticae

254 1301 289 1360 A.
309 1301 341 1359 P.
360 1300 403 1359 IX
422 1302 496 1377 381,
519 1298 573 1357 ubi
596 1297 619 1356 O
639 1289 819 1377 ὁμήροκὲντρ
841 1288 883 1377 (h.
903 1316 927 1358 e.
947 1291 1185 1380 ὁμηροκέντρων)
1200 1298 1242 1371 εἰς
1261 1296 1343 1360 λεάν-

166 1399 239 1479 δρον
273 1411 286 1480 ᾗ
310 1393 373 1477 ήρῶ
396 1396 451 1475 τήν
470 1383 604 1481 σιστιάδήῗ
622 1397 742 1472 scripsit
757 1389 912 1473 (σήστιάδα
931 1397 1061 1457 correxit
1083 1389 1279 1479 Brunckius).
1300 1429 1342 1438 -

163 1499 287 1557 Lemma
315 1495 356 1568 εἰς
386 1491 448 1576 ήρὼ
476 1487 553 1577 (ήρὼ
577 1497 617 1574 V,
644 1491 707 1575 ήρῶ
731 1487 775 1575 Μ)
805 1491 855 1553 καὶ
883 1489 1026 1576 λὲανδρον
1056 1492 1256 1576 ὁμηρόκεντρα
1279 1496 1341 1554 MV

164 1596 303 1655 offerunt.

253 1685 269 1750 l
292 1717 334 1739 =
356 1690 410 1750 Od.
431 1694 481 1769 24,
497 1693 538 1752 82
564 1687 575 1770 ΙΙ
597 1688 683 1775 ἀκτή]
715 1687 788 1769 ἀκτή
812 1691 872 1749 ΡΜ
894 1685 904 1768 ]
926 1687 975 1767 ἐπὶ
1000 1691 1022 1749 Ρ
1046 1684 1113 1774 (ubi
1142 1697 1289 1769 punctum
1319 1692 1341 1752 C

161 1782 304 1870 subiecit)
327 1784 337 1866 ΙΙ
361 1786 548 1875 προύχούσῃ]
578 1809 614 1849 ex
642 1790 772 1850 Homero
801 1789 956 1848 Iacobsius
986 1791 1128 1867 correxit,
1153 1794 1222 1850 ante
1252 1810 1341 1868 quem

161 1887 326 1972 προεχούσή
338 1887 491 1964 edebatur,
506 1907 597 1964 quam
611 1889 739 1969 formam
758 1887 789 1946 in
804 1886 987 1946 carminibus
1002 1887 1169 1947 Homericis
1183 1888 1341 1948 Nauckius

110 2054 116 2063 ,
160 1986 301 2046 rescribit
329 1986 364 2047 cf.
389 1986 542 2064 Melanges
567 1984 825 2047 (trice-Romaim
849 1986 908 2045 vol.
926 1984 971 2042 IV
994 2006 1023 2062 p.
1040 1989 1093 2044 94:
1122 1986 1292 2065 προχοούση
1316 1987 1340 2045 Ρ

57 2087 60 2092 ’
161 2077 229 2166 (ubi
249 2083 271 2143 0
296 2087 419 2144 acutum
438 2104 492 2161 pro
509 2085 594 2162 signo
616 2108 648 2138 r
667 2075 827 2163 restituit),
846 2082 1017 2167 προυχούσῃ
1037 2083 1073 2160 V,
1097 2082 1269 2162 προυχούση
1289 2085 1320 2143 Μ
1340 2078 1342 2109 ¹

161 2180 316 2243 ἕπιπλατεῖ
334 2183 361 2240 A
385 2183 524 2260 dederat3
549 2183 678 2243 correxit
698 2182 719 2241 Ο
738 2177 749 2260 ΙΙ
766 2179 950 2266 ἕλλήσπόντφ
969 2181 1000 2239 Μ
1018 2176 1028 2258 Ι]
1047 2175 1067 2239 2
1088 2207 1130 2229 =
1150 2181 1185 2240 Il.
1207 2185 1235 2260 2,
1254 2185 1316 2241 514
1340 2186 1342 2262 j

162 2300 284 2341 versum
297 2284 367 2357 post
380 2299 500 2341 versum
515 2271 641 2341 tertium
655 2280 719 2339 MV
734 2281 892 2339 conlocant
909 2274 919 2357 Ι]
937 2277 1038 2357 αἰδοίη
1051 2298 1110 2339 acc.
1126 2279 1148 2338 0
1167 2274 1178 2358 ΙΙ
1195 2277 1342 2359 ὑπερώϊον

165 2379 234 2456 spir.
260 2372 311 2456 ΟΙΙ
328 2377 370 2449 εἰς
393 2374 529 2458 ἀναβᾶσα
552 2379 584 2456 P,
608 2378 650 2450 εἰς
674 2375 809 2457 ἀναβάσα
832 2379 863 2436 Μ
880 2372 891 2456 1]
909 2370 930 2436 3
949 2403 988 2424 =
1008 2378 1043 2436 I·l.
1066 2381 1093 2456 6,
1115 2374 1340 2464 37311ιιύργῳ]

162 2475 264 2556 πύργοι
292 2476 328 2551 Ρ,
360 2483 463 2560 πύργῳ
491 2468 562 2558 (εἰσ,
587 2477 623 2536 cf.
652 2497 680 2535 n.
703 2476 787 2535 XLII
813 2479 852 2535 19
879 2470 984 2552 supra)
1008 2476 1040 2533 M
1062 2470 1073 2554 ΙΙ
1095 2473 1260 2552 ἐφεστήκει]
1290 2469 1339 2552 ἐφ’

164 2571 277 2652 ἑστήκει
300 2574 332 2645 Ρ,
357 2573 410 2632 ubi
434 2573 456 2633 Ο
480 2577 511 2633 et
534 2575 749 2651 apostrophum
780 2575 890 2634 adiecit
913 2577 944 2633 et
966 2569 1015 2632 ἕστ
1043 2573 1073 2631 in
1096 2591 1203 2632 rasura
1225 2575 1341 2652 posuit,

77 2713 80 2720 -
162 2676 321 2749 praeterea
349 2672 428 2731 inter
456 2664 492 2750 φ’
519 2669 619 2744 etiot
646 2672 737 2731 unius
765 2672 885 2731 litterae
910 2690 1013 2732 erasae
1038 2671 1168 2750 vestigia
1191 2691 1340 2732 remanse-

162 2773 247 2847 runt,
275 2766 419 2847 tunorium
445 2769 490 2844 Μ,
518 2767 683 2848 ἐφειστήκει
711 2790 747 2830 ex
774 2770 897 2830 Homeri
924 2770 990 2830 loco
1021 2771 1114 2830 citato
1143 2773 1213 2830 ante
1237 2772 1341 2831 lacob-

163 2869 240 2928 sium
264 2869 436 2946 legebatur,
466 2868 518 2945 qui
542 2870 638 2928 altera
661 2869 811 2945 scriptura
838 2868 1007 2928 Aristarchi
1030 2868 1191 2927 lectionem
1215 2865 1342 2945 exprimi

164 2968 318 3026 commode
341 2965 461 3025 monuit
483 2965 519 3024 cf.
545 2965 642 3025 Schol.
667 2967 705 3024 ad
728 2966 763 3024 Il.
785 2969 815 3042 4,
835 2968 908 3025 329.
934 2968 1013 3042 367,
1040 2968 1067 3038 6,
1084 2968 1161 3042 373,
1188 2970 1237 3043 11,
1264 2969 1340 3042 600,

166 3068 214 3139 12,
239 3067 318 3140 446,
351 3066 401 3139 17,
431 3065 502 3123 133.
530 3066 607 3135 139,
644 3064 692 3140 18,
718 3065 796 3136 557,
830 3066 881 3140 22,
906 3065 961 3136 30,
997 3065 1047 3140 23,
1078 3064 1149 3122 106.
1176 3066 1252 3140 691,
1287 3063 1340 3124 od.

164 3165 214 3238 11,
236 3164 311 3222 ⁴544.
359 3159 500 3219 Ceterum
530 3159 624 3219 solius
653 3160 677 3218 P
705 3161 884 3221 auctoritati
912 3162 1006 3220 nolim
1039 3160 1214 3238 quidquam
1237 3162 1342 3241 tribui,

162 3261 274 3338 quippe
299 3259 351 3337 qui
374 3278 434 3318 non
457 3259 578 3318 tantum
602 3258 634 3316 in
657 3259 783 3320 diversis
807 3259 1006 3336 carminibus,
1035 3258 1087 3319 sed
1111 3259 1202 3318 etiam
1226 3261 1257 3318 in
1280 3282 1341 3322 uno

162 3359 325 3436 eodemque
350 3357 480 3416 carmine
503 3357 613 3418 variet:
638 3357 753 3417 scilicet
776 3358 806 3416 in
831 3357 1019 3417 Christodori
1037 3358 1184 3435 Euphrasi
1203 3359 1240 3419 Α.
1258 3360 1291 3418 P.
1311 3361 1341 3419 H

164 3460 203 3516 97
230 3459 261 3515 et
280 3458 347 3516 263
372 3452 486 3532 ἑστήκει
509 3454 610 3533 habes,
636 3459 700 3517 254
724 3461 755 3516 et
780 3459 840 3516 361
867 3453 994 3534 ἑστήκει,
1022 3460 1127 3516 contra
1151 3460 1191 3516 72
1216 3456 1341 3536 εῖστήκει

134 3537 136 3542 ’
163 3554 286 3632 legitur,
310 3553 391 3631 quod
414 3557 494 3612 recte
514 3553 705 3613 Wernickius
728 3555 766 3613 ad
785 3554 982 3631 Tryphiodor.
1003 3557 1046 3613 40
1069 3574 1096 3629 p.
1122 3556 1162 3614 93
1187 3559 1340 3629 praestare

163 3651 293 3728 iudicat3
316 3652 390 3710 item
413 3652 494 3726 apud
516 3655 622 3727 poetas
646 3652 776 3711 incertos
799 3651 834 3711 A.
854 3651 886 3711 P.
905 3652 948 3710 IX
970 3654 1042 3729 190,
1065 3655 1083 3711 6
1108 3654 1139 3710 et
1163 3654 1235 3727 362,
1258 3655 1297 3712 18
1316 3654 1341 3712 P

162 3744 276 3824 ἑστήκει
299 3751 329 3807 et
351 3745 481 3824 ἕστήκεις
505 3749 601 3825 offert,
626 3768 694 3808 cum
717 3748 842 3826 εἱστήκει
865 3748 1032 3808 Claudiano
1056 3749 1092 3808 A.
1111 3749 1144 3807 P.
1164 3748 1206 3807 IX
1229 3752 1300 3827 140,
1322 3755 1339 3810 2

163 3842 304 3904 vindicet.
351 3844 497 3906 Similiter
519 3847 670 3907 Planudes
699 3845 780 3924 apud
804 3845 1034 3905 Christodorum
1056 3849 1104 3904 ter
1126 3845 1250 3924 εἱστήκει
1274 3841 1340 3929 (72.

166 3944 216 4001 97.
237 3937 324 4021 254),
348 3937 460 4034 ἑστήκει
482 3944 529 4003 bis
554 3937 640 4026 (263.
663 3937 741 4026 361)
763 3943 893 4022 exhibet,
916 3946 982 4002 tum
1002 3943 1038 4001 A.
1057 3943 1090 4004 P.
1109 3943 1152 4001 IX
1174 3947 1245 4024 190,
1267 3948 1284 4005 6
1310 3952 1341 4006 et

164 4041 237 4116 362,
259 4040 298 4097 18
322 4057 391 4097 cum
414 4039 438 4098 P
462 4042 618 4120 consentit,
642 4043 701 4100 nisi
726 4043 807 4120 quod
829 4041 942 4101 rectius
962 4040 1103 4118 spiritum
1127 4060 1267 4118 asperum
1285 4065 1340 4120 pro

64 4158 69 4167 ·
163 4138 224 4197 leni
247 4130 349 4214 ponit,
372 4137 415 4195 IX
441 4139 504 4196 140
528 4138 558 4195 in
582 4140 752 4221 recensione
775 4141 931 4199 Planudea
950 4138 1070 4198 omnino
1095 4139 1179 4197 deest
1197 4135 1207 4217 ]
1224 4139 1340 4220 γοόωσά

162 4238 199 4314 Ρ,
228 4238 281 4297 sed
309 4232 385 4315 γοόιο
414 4233 436 4293 Ο
461 4235 492 4292 in
519 4254 624 4295 rasura
651 4237 786 4312 reposuit
807 4233 818 4317 ΙΙ
841 4230 862 4295 4
885 4263 924 4284 =
944 4236 998 4297 Od.
1025 4239 1081 4314 19,
1105 4240 1151 4297 34
1169 4234 1180 4317 Ι]
1201 4239 1338 4320 χρύσεον]

162 4335 293 4417 χρύσειον
316 4335 347 4393 Μ
369 4328 380 4412 Ι]
397 4329 508 4416 ,ἔχουσα
527 4329 584 4411 ΡΙ]
605 4330 787 4412 περικαλλὲς]
811 4333 879 4415 περὶ
900 4330 1001 4406 καλλὲς
1024 4335 1048 4393 Ρ
1072 4329 1139 4416 (ubi
1162 4337 1186 4395 P
1210 4339 1341 4415 priorem
