3008 4958
667 216 906 280 -104-

203 385 324 443 Blatter
352 385 444 444 voll
469 405 496 458 p.
518 374 601 462 145)
630 379 661 441 ἐν
690 381 801 457 ubique
829 381 860 438 in
888 377 932 439 ἐνὶ
959 379 1139 439 mutandum
1171 396 1235 437 esse
1264 381 1381 454 censet,

203 485 349 559 quattuor
372 482 446 541 locis
470 483 611 558 exceptis,
635 480 743 557 quibus
767 475 811 537 ἐνὶ
835 479 954 537 omnino
978 478 1051 536 ferri
1074 497 1134 537 non
1156 479 1271 552 potest:

289 617 323 674 Il.
344 619 374 690 4,
394 617 459 673 430
482 612 588 674 τόσσον
612 610 683 673 λαὸν
707 609 832 671 ἕπεσθαι
854 605 948 690 ἔχοντ’
974 609 1011 669 ἕν
1034 608 1175 686 στήθεσιν
1198 606 1312 685 αὐδήν,

324 716 372 790 13,
394 716 456 772 618
482 711 599 788 ἰδνώθη
623 707 655 769 δὲ
678 709 788 769 πεσών·
813 705 828 768 d
853 705 884 767 δὲ
908 707 958 782 λὰξ
982 706 1018 767 ἕν
1042 706 1164 784 στήθεσι
1180 704 1317 784 βαίνων,

322 816 371 888 16,
392 813 455 870 503
480 807 657 887 ὀφθαλμοὺς
676 807 760 887 ῥῖνάς
779 802 828 865 θ’·
853 803 868 865 ὁ
888 803 919 865 δὲ
938 805 989 878 λὰξ
1009 803 1023 864 ε’
1029 830 1045 865 ν
1065 805 1187 882 στήθεσι
1205 805 1332 883 βαίνων,

322 912 373 985 20,
393 912 434 967 20
458 905 551 988 ἔγνως
573 905 737 986 ἐννοσίγαιε
759 903 834 982 ε’μήν
858 901 894 964 ἕν
918 903 1039 981 στήθεσι
1060 902 1183 983 Ιβουλήν.

202 1062 275 1119 Mihi
294 1080 365 1120 vero
384 1062 474 1138 longe
494 1078 578 1118 secus
597 1059 730 1119 videtur:
750 1059 865 1115 scilicet
884 1057 976 1115 etiam
995 1056 1030 1114 Il.
1051 1059 1100 1129 18,
1121 1058 1198 1131 340,
1224 1059 1275 1132 23,
1295 1059 1376 1132 316,

201 1158 254 1219 Od.
276 1162 303 1235 5,
325 1161 401 1234 221,
427 1161 477 1234 10,
498 1160 575 1235 360,
602 1160 651 1233 14,
672 1159 749 1232 501,
781 1158 830 1229 19,
851 1157 914 1214 274
938 1151 970 1212 ἕν
993 1174 1047 1230 pro
1070 1154 1199 1230 pristina
1223 1154 1377 1229 scriptura

200 1257 305 1331 habeo,
328 1253 373 1315 ε’νὶ
397 1256 601 1332 grammaticis
620 1255 747 1329 vindico,
772 1253 823 1330 qui
842 1253 998 1313 vacillanti
1021 1256 1118 1311 metro
1138 1253 1376 1311 succurrendum

202 1373 267 1412 esse
290 1355 435 1430 putarint,
444 1345 477 1432 1)
523 1353 586 1410 Nec
609 1355 711 1410 tamen
734 1351 806 1410 ullis
830 1335 935 1409 fulcris
959 1369 1034 1426 opus
1062 1352 1134 1426 fuit,
1163 1351 1312 1427 siquidem
1337 1352 1377 1410 ad

202 1452 323 1512 brevem
348 1451 497 1527 syllabam
520 1448 552 1510 ἐν
576 1450 725 1526 positione
749 1449 972 1526 producendam
996 1448 1161 1533 digamma,
1175 1449 1284 1527 valuit,
1315 1470 1377 1526 quo

202 1550 293 1610 verba
316 1543 398 1626 εἷμα,
420 1540 519 1627 ήνοψ,
543 1541 634 1624 οῖνοψ
658 1548 798 1623 primitus
818 1547 966 1606 instructa
990 1548 1084 1604 erant.
1130 1547 1285 1606 Hartelius
1309 1549 1383 1624 qui<

202 1648 278 1723 dem,
303 1650 409 1705 auctor
432 1647 638 1723 gravissimus
661 1646 692 1702 in
711 1646 834 1723 egregia
857 1646 893 1703 de
914 1645 1064 1720 digammo
1085 1644 1243 1704 Homerico
1273 1646 1377 1722 dispu-

204 1746 320 1803 tatione
345 1737 640 1824 (Sitzungsberichte
670 1745 723 1801 der
746 1744 952 1801 Kaiserlichen
976 1742 1142 1800 Akademie
1166 1743 1219 1801 der
1242 1743 1377 1802 Wissen-

204 1843 348 1900 schaften.
394 1842 564 1900 Phil-hist.
589 1840 690 1899 Classe
714 1842 772 1901 vol.
797 1831 968 1918 LXXVIII)
999 1860 1028 1915 p.
1049 1843 1088 1898 81
1128 1846 1376 1917 argmnentorum

202 1962 350 2000 summam
378 1942 455 1998 hanc
484 1941 639 1998 subduxit:
684 1935 860 2016 ‘Digamma
891 1958 1014 2015 vermag
1047 1939 1276 1998 consonantisch
1304 1959 1376 1999 aus-

202 2040 345 2098 lautende
384 2039 495 2115 Sylben
532 2058 590 2095 nur
621 2039 652 2095 in
690 2038 742 2096 der
774 2036 859 2094 Arsis
893 2057 929 2094 zu
965 2037 1088 2114 langen,
1121 2038 1152 2094 in
1185 2038 1238 2095 der
1270 2038 1378 2097 Thesis

202 2138 320 2197 bleiben
345 2138 387 2195 sie
411 2128 511 2211 kum’3
536 2136 587 2193 sed
612 2136 647 2194 de
670 2138 844 2212 praecepto,
873 2135 954 2211 quod
978 2137 1016 2193 ad
1039 2136 1138 2194 thesin
1162 2136 1306 2211 pertinet,
1330 2137 1378 2194 fa-

203 2255 269 2294 cere
293 2255 353 2294 non
376 2253 507 2311 possum,
532 2234 604 2309 quin
623 2253 641 2290 a
664 2234 729 2293 viro
750 2233 924 2292 acutissimo
945 2236 975 2291 et
994 2234 1167 2292 doctissimo
1191 2235 1379 2295 dissentiam.

204 2334 331 2392 Omnino
356 2336 422 2392 tota
445 2333 625 2408 disceptatio
649 2332 727 2390 cirea
751 2331 956 2407 quaestionem
980 2333 1119 2409 vertitur,
1142 2353 1214 2390 num
1239 2333 1378 2392 codicum

203 2431 347 2489 memoria
370 2430 485 2488 ratione
509 2430 610 2505 potior
633 2448 697 2488 esse
721 2430 837 2488 debeat.
876 2428 989 2498 Quodsi
1007 2432 1124 2489 textum
1145 2431 1338 2491 Homericum
1359 2453 1378 2490 a

203 2527 407 2605 grammaticis
427 2527 609 2585 recensitum
629 2544 692 2584 esse
711 2527 943 2603 consideramus
963 2527 1015 2602 qui
1034 2527 1065 2584 in
1083 2527 1214 2586 maxima
1233 2529 1389 2606 digammi¹

203 2625 391 2703 ignoratione
411 2625 531 2700 versati,
551 2624 799 2700 quotiescumque
819 2625 850 2681 in
869 2626 929 2683 arsi
948 2625 1066 2701 syllaba
1080 2626 1181 2687 brevis
1200 2629 1379 2687 consonanti

174 2804 177 2809 Ι
205 2724 368 2782 terminata
382 2722 568 2797 insequentis
582 2722 723 2781 vocabuli
738 2723 888 2799 digammo
903 2724 1130 2801 produceretur,
1149 2725 1378 2800 productionem

203 2820 412 2880 tantummodo
436 2820 510 2878 arsis
529 2820 560 2879 vi
580 2820 716 2878 effectam
740 2839 804 2879 esse
824 2821 1038 2896 existimarent,
1060 2841 1115 2898 per
1133 2824 1379 2898 consequentiam

205 2940 239 2979 eo
267 2918 454 2995 inpellimur,
478 2920 514 2976 ut
541 2918 753 2994 productiones
777 2918 920 2995 digammi
939 2920 970 2979 vi
993 2920 1024 2977 in
1047 2921 1126 2978 thesi
1154 2921 1276 2980 effectas
1300 2923 1378 2981 anti-

205 3018 314 3094 quitus·
332 3036 386 3093 pro
410 3017 494 3076 vitiis
517 3016 649 3074 metricis
677 3017 797 3076 habitas
826 3035 889 3075 esse
918 3018 1087 3093 credamuS,
1116 3037 1193 3094 quae
1221 3020 1303 3085 iusta
1327 3040 1378 3079 ex-

204 3116 359 3174 cusatione
379 3117 523 3192 carerent,
543 3116 721 3190 easdemque
740 3116 801 3173 iam
820 3115 936 3191 pridem
951 3116 1086 3175 sublatas
1106 3134 1170 3175 esse
1189 3118 1378 3195 conligamus

206 3215 242 3271 cf.
267 3212 404 3271 addenda
427 3233 454 3287 p.
476 3215 537 3272 126
550 3232 612 3289 sqq.

293 3311 338 3368 De
366 3310 490 3368 Hesiodi
517 3329 607 3371 versu
640 3310 695 3387 Op.
721 3313 782 3369 622
812 3308 862 3369 καὶ
891 3309 953 3370 τότε
985 3309 1086 3389 μηκέτι
1119 3320 1194 3390 νήας
1222 3310 1297 3391 ἔχειν
1324 3311 1380 3374 ἐνί

206 3408 305 3468 οἴνοπι
328 3405 425 3491 πόντῳ
449 3408 553 3466 eadem
576 3408 687 3484 valent,
712 3427 788 3484 quae
812 3410 848 3467 de
871 3409 944 3468 locis
964 3409 1129 3469 Homericis
1154 3410 1379 3488 adnotavimu83

206 3578 265 3648 ὄψα
283 3580 369 3646 τίθει,
388 3573 422 3632 ίν
442 3573 470 3631 d’
492 3574 570 3631 οἶνον
591 3575 695 3646 ἔχευεν,
714 3584 762 3646 20,
782 3584 833 3632 260
852 3578 909 3650 πὰρ
929 3577 956 3632 δ’
979 3574 1068 3633 ἐτίθει
1088 3578 1252 3649 σπλάγχνων
1271 3583 1379 3651 μοίρας,

207 3655 220 3714 ί
226 3680 242 3713 ν
262 3656 289 3712 δ’
307 3655 385 3712 οἶνον
401 3655 505 3725 ἔχευεν.
534 3656 662 3711 Nauckio
681 3657 756 3711 enim
770 3660 919 3728 adsentior,
939 3660 987 3727 qni
1002 3660 1137 3728 digammi
1151 3660 1260 3715 ratione
1280 3661 1379 3716 habite

206 3740 253 3792 καὶ
272 3755 322 3807 pro
343 3732 373 3791 ἐν
392 3734 420 3789 δ’
441 3737 631 3804 reponendum
650 3753 709 3791 esse
728 3738 888 3793 arbitratur.

276 3818 302 3886 l³)
321 3818 420 3885 Neque
439 3816 514 3870 enim
533 3817 566 3869 de
586 3814 628 3870 εἰν
647 3818 772 3888 cogitare
790 3821 928 3888 poterant,
949 3821 981 3872 ut
999 3820 1047 3887 qui
1065 3820 1145 3873 illam
1163 3820 1281 3876 formem
1301 3822 1379 3892 apud

206 3898 358 3952 Homerum
378 3895 433 3948 nisi
451 3894 481 3948 in
500 3895 556 3948 arsi
574 3913 630 3950 non
648 3897 714 3967 poni
734 3897 1006 3954 animadvertissent.
1045 3901 1133 3965 Quam
1153 3899 1379 3956 observationem

207 3979 293 4033 etiam
311 3977 341 4031 in
359 3978 458 4045 poetas
472 3976 640 4045 posteriores
656 3979 753 4032 cadere
769 3978 860 4032 obiter
878 3993 991 4031 monere
1005 3978 1113 4048 placet,
1132 3998 1198 4035 nam
1212 3981 1271 4036 sine
1286 3982 1378 4036 haesi-

207 4058 314 4114 tatione
334 4073 348 4109 e
367 4061 515 4124 poetarum
533 4074 649 4111 numero
668 4059 884 4113 versificatorem
907 4057 1045 4125 pessimae
1068 4063 1152 4114 notae
1175 4059 1265 4115 eicere
1284 4079 1381 4130 possu-

207 4155 277 4205 mus,
297 4137 345 4202 qui
363 4136 437 4188 hunc
456 4137 649 4191 hexametrum
673 4137 786 4208 panxit:
809 4133 867 4192 ὅστ’
894 4139 999 4201 ἀδίκως
1022 4136 1135 4209 §dccccl
1154 4160 1220 4210 περ,
1244 4140 1306 4196 οὐδ’
1328 4141 1380 4197 εἰν

207 4216 302 4286 οὔρεσι
319 4217 415 4282 θῆρες,
435 4216 592 4283 nuperrime
612 4217 715 4286 publici
736 4218 803 4272 iuris
816 4218 922 4271 factum
938 4237 955 4272 a
969 4218 1128 4287 Bureschi0‚
1151 4221 1270 4276 ‘Kleros'
1286 4224 1381 4293 (1889)

206 4317 233 4367 p.
250 4298 366 4362 110,11.
857 4314 863 4335 ι
