3008 4958
641 279 682 286 -.
731 242 859 305 12„

161 425 244 463 mum
273 425 344 465 vero
377 408 545 466 sententiae
574 411 694 467 nostrae
724 408 941 466 adminiculum
972 409 1073 467 codex
1093 409 1112 467 S
1136 411 1274 486 praebet,
1303 429 1337 468 ex

162 523 221 579 quo
245 505 318 562 haec
343 505 437 564 edidit
460 504 582 564 Cramer
604 503 716 564 Anecd.
740 506 834 566 Paris.
859 508 917 566 vol.
936 506 980 565 IV
1004 529 1033 583 p.
1049 510 1121 581 385,
1138 511 1177 566 15
1194 527 1270 585 sqq.:

320 629 362 687 Εἰ
383 625 437 707 μέν
460 629 600 709 γηράσκει
623 627 654 688 τὸ
678 628 780 708 καλόν,
804 629 937 709 μετάδος,
955 628 1026 714 πρὶν
1050 628 1178 716 ἀπέλθη·

374 727 401 786 εί
423 723 454 786 δέ
474 725 563 806 μένει,
587 727 616 787 τί
638 729 720 810 φοβῇ
744 722 832 787 τοῦθ’
858 723 874 787 ὃ
899 725 979 806 μένει
1003 727 1132 802 διδόναι;

320 821 422 902 μηκέτι
444 833 503 884 νῦν
526 821 653 909 ὀμόσης·
677 823 792 905 έγνωκα
814 827 881 906 γάρ,
905 822 975 886 οὐδέ
998 848 1033 904 με
1052 824 1155 903 λήθεις

374 1225 441 1293 οἶδα
464 1231 496 1293 τὸ
519 1242 579 1294 ποῦ
602 1232 651 1294 καί
674 1244 737 1308 πῶς
760 1234 810 1296 καλ
833 1235 891 1295 τίνι
913 1233 962 1296 καὶ
986 1233 1017 1294 τὸ
1037 1234 1140 1296 πόσου.

161 1368 283 1427 Scilicet
305 1368 446 1428 librarius
466 1369 616 1428 Stratonis
640 1369 767 1429 disticho
788 1370 939 1446 adscripto
960 1370 998 1429 ad
1011 1370 1155 1429 Numenii
1172 1390 1291 1432 versum
1308 1376 1335 1432 3.

160 1465 325 1544 aberravit,
358 1467 422 1541 ipse
450 1471 552 1526 tamen
579 1486 678 1526 errore
707 1470 866 1542 conspecto
895 1468 965 1526 stat'
1027 1471 1127 1526 totum
1151 1469 1337 1546 epigramma

160 1568 242 1623 recto
271 1565 374 1624 ordine
403 1565 621 1641 transscripsit,
651 1584 723 1624 casu
750 1565 846 1642 igitur
869 1568 900 1624 et
927 1566 1055 1625 fortuito
1079 1566 1110 1624 in
1134 1566 1233 1626 codice
1258 1587 1336 1626 nunc

161 1663 282 1739 quidem
305 1682 410 1723 versus
431 1667 458 1724 3.
483 1656 599 1744 (μηκέτι
622 1671 680 1722 νῦν
704 1658 826 1747 ὀμόσης·
850 1659 965 1742 έμνωκιι
987 1662 1053 1744 γάρ,
1077 1661 1147 1724 οὐδέ
1165 1685 1199 1743 με
1218 1658 1335 1745 λήθεις)

160 1762 237 1820 falso
260 1762 326 1823 loco
352 1763 466 1820 exarati
495 1762 656 1820 manifesta
683 1761 814 1838 vestigia
841 1765 970 1837 restant,
1000 1781 1068 1820 cum
1091 1762 1122 1819 in
1146 1762 1282 1822 versibus
1309 1768 1335 1822 1.

162 1861 192 1917 et
212 1861 240 1917 3.
264 1859 344 1919 iusto
368 1861 434 1919 loco
460 1859 600 1918 exhibitis
624 1860 775 1935 scriptura
797 1859 919 1935 penitus
943 1859 1101 1919 evanuerit
1118 1852 1166 1938 ΙΙΙ
1192 1859 1335 1938 βάναυσελ

160 1954 288 2034 βάναυσι
311 1948 382 2037 (sic)
406 1950 497 2036 Pss‘d
523 1952 552 2031 ὃ]
577 1955 627 2016 καὶ
650 1951 699 2035 Sl}
716 1954 820 2036 πρώην
847 1957 871 2015 Ρ
895 1957 997 2028 offert,
1025 1977 1084 2016 non
1107 1951 1228 2041 πρηίην,
1256 1960 1335 2036 quod

160 2055 302 2113 Duebner
320 2055 415 2115 edidit
436 2049 447 2134 ΙΙ
469 2053 617 2133 ομόσαςΡ
638 2048 649 2132 ΙΙ
672 2051 722 2132 δὴ]
746 2055 864 2131 scripsi:
884 2052 925 2133 μὴ
944 2057 1034 2133 volgo
1054 2076 1090 2114 ex
1108 2056 1132 2114 P
1151 2056 1259 2133 editur,
1284 2058 1336 2116 ubi

161 2175 201 2230 μη
222 2156 316 2229 extat,
340 2153 372 2211 in
396 2153 415 2212 S
432 2173 490 2214 vox
509 2153 668 2212 omittitur.
688 2184 731 2194 -
750 2153 892 2232 Volgaris
912 2155 1062 2214 sententia
1081 2155 1197 2214 iustum
1216 2174 1336 2214 sensum

160 2270 220 2309 non
247 2253 398 2326 praestat,
427 2250 575 2326 siquidem
602 2250 753 2326 particula
776 2248 821 2335 pl]¹
846 2253 1014 2327 particulae
1042 2249 1143 2330 μηκέτι
1166 2253 1335 2329 postposita

161 2350 281 2408 omnino
314 2349 506 2426 negationem
533 2349 633 2426 tollit3
661 2369 758 2425 neque
790 2350 922 2410 auctoris
951 2354 1083 2410 mentem
1112 2351 1256 2409 Duebner
1284 2351 1334 2408 ad·

161 2451 282 2506 secutus
307 2451 365 2523 est,
389 2466 457 2505 cum
481 2447 586 2507 vertit:
617 2448 679 2524 qui
706 2467 825 2524 nuper
851 2447 988 2507 iurasti
1016 2454 1050 2507 te
1078 2468 1147 2507 non
1174 2449 1335 2525 amplius

160 2546 249 2603 mihi
273 2546 450 2604 daturum.
496 2545 591 2604 Immo
615 2549 705 2622 poeta
729 2545 849 2617 amasio,
875 2546 928 2622 qui
955 2565 1015 2605 non
1038 2546 1168 2621 amplius
1192 2565 1223 2604 se
1247 2546 1334 2604 meri-

159 2644 272 2702 torium
305 2662 369 2702 esse
398 2644 595 2719 adseveravit,
624 2663 722 2721 neque
751 2643 880 2720 amplius
904 2662 936 2702 se
969 2643 1109 2719 cuiquam
1135 2662 1243 2719 corpus
1270 2644 1335 2703 vol-

160 2760 232 2818 gare
256 2741 377 2817 iuravit,
403 2741 559 2817 perfidiam
583 2744 688 2800 acerbe
713 2741 873 2817 exprobrat
891 2742 928 2800 cf.
947 2742 1099 2819 Meleager
1117 2740 1152 2798 A.
1167 2741 1200 2799 Ρ.
1214 2740 1242 2798 V
1263 2742 1335 2816 184,

166 2846 177 2897 l
192 2857 269 2916 sqq.:

242 2960 373 3044 ’Ἐγνων
398 2960 434 3023 od
454 2956 484 3041 μ’
510 2961 626 3035 έλαθες·
651 2964 680 3023 τί
701 2964 806 3037 θεούς·
830 2962 866 3024 οὐ
888 2962 943 3043 γάρ
967 2985 1002 3041 με
1025 2959 1166 3041 λέληθας·

320 3060 426 3142 έμνων·
451 3060 551 3140 μηκέτι
575 3071 632 3122 νῦν
651 3061 754 3141 ὄμνυε·
778 3054 865 3122 πάντ’
891 3059 1019 3140 ἔμαθον·

250 3155 330 3220 ταῦτ’
356 3153 405 3239 ἦν,
428 3153 522 3237 ταῦτ’,
545 3159 675 3242 ἐπίορκε·
698 3160 776 3239 μόνη
800 3160 848 3237 σύ,
871 3159 959 3219 πάλιν
983 3158 1060 3238 μόνη
1085 3156 1206 3231 bonoim

307 3256 344 3318 ,dl
368 3257 488 3336 τόλμηςλ
511 3258 560 3319 καὶ
583 3267 652 3336 νῦν,
674 3267 732 3319 νῦν
755 3257 796 3318 έτι
819 3257 906 3336 φησί·
926 3256 1012 3336 μόνη.

162 3412 245 3482 Quae
269 3431 337 3471 cum
357 3412 401 3471 ita
419 3413 487 3488 sint,
512 3413 604 3472 etiam
622 3434 649 3473 v.
671 3416 687 3471 1
708 3413 785 3470 falso
809 3409 1001 3469 fastidiosi
1023 3407 1176 3468 notionem
1195 3407 1261 3466 voci
1280 3405 1333 3484 βά-

161 3527 252 3569 νανσε
276 3529 293 3567 a
316 3510 477 3570 Duebnero
502 3509 668 3569 subiectam
693 3527 757 3568 esse
780 3510 874 3585 patet,
899 3525 968 3565 cum
986 3505 1155 3564 Numenius
1174 3503 1334 3562 manifesto

162 3628 290 3684 puerum
316 3609 405 3666 nimis
433 3609 553 3667 facilem
581 3611 801 3685 quaestumque
830 3624 953 3682 corpore
981 3603 1143 3662 facientem
1167 3601 1334 3673 denotaret,

145 3687 251 3766 ,sicuti
281 3706 373 3765 etiam
407 3705 597 3765 Automedon
629 3705 665 3765 A.
689 3704 722 3764 P.
745 3703 789 3762 XI
813 3705 889 3775 326,
910 3705 928 3762 3
953 3702 1042 3760 dixit:
1070 3698 1125 3760 οὐκ
1153 3696 1264 3778 έλεγον·
1293 3696 1333 3776 μὴ

160 3803 258 3864 πάντα
281 3803 375 3883 βαρὺς
398 3800 477 3881 θέλε,
501 3799 574 3881 μηδὲ
598 3801 748 3881 βάναυσος
768 3801 773 3876 Ι
794 3793 869 3860 εἶναι
888 3801 994 3860 itidem
1022 3819 1039 3857 a
1062 3798 1222 3857 Duebnero
1241 3817 1333 3874 prave

160 3903 346 3975 intellectus,
377 3903 429 3979 qui
456 3902 691 3960 inhumanum
718 3901 806 3958 innui
833 3902 918 3958 ratus
942 3899 1067 3959 verbum
1095 3895 1245 3976 βάναυσος
1268 3895 1334 3955 voci

160 3999 254 4080 βαρὺς
279 4001 390 4077 opponi
412 4019 472 4058 non
494 3999 694 4074 perspexisset
717 3997 754 4055 cf.
778 3996 928 4055 Stratonis
955 3997 1151 4071 praeceptum
1172 3995 1205 4051 A.
1226 3994 1256 4051 P.
1276 3990 1333 4048 XII

162 4101 234 4172 209,
262 4105 275 4156 1
294 4117 352 4174 sq.:

321 4229 408 4307 Μήτε
432 4229 497 4306 λίην
522 4226 645 4308 στυγνὸς
668 4225 873 4307 παροικέκλισο,
896 4226 968 4306 μήτε
991 4224 1137 4304 κατηφής,

374 4327 490 4405 Δίφιλε,
510 4319 580 4405 μηδ’
606 4325 667 4404 εἴης
690 4325 811 4387 παιδίον
834 4325 863 4401 ἐξ
887 4323 1000 4407 ἀγέλης.
1019 4321 1029 4402 ΙΙ
