3008 4958
632 189 870 242 -XVl—

253 345 482 423 Epigrammata
496 345 626 404 stellulis
640 348 747 404 notata
762 337 804 426 (n.
821 349 848 403 1.
861 347 910 404 31.
927 347 977 404 48.
989 348 1039 405 52.
1060 347 1109 405 68.
1127 347 1177 405 69.
1197 338 1342 423 86108)

166 444 257 503 etiam
271 444 303 501 in
318 445 343 501 a
362 438 538 521 redeunt*):
558 463 586 500 6.
605 449 629 501 l.
651 443 702 501 47.
724 443 774 502 60.
795 444 823 501 5.
844 446 872 500 7.
891 445 921 500 8.
941 446 991 501 22.
1014 446 1068 517 73;
1088 445 1168 502 unde
1188 443 1341 520 librariae,

165 542 250 599 cuius
274 560 381 600 nomen
410 540 591 615 subscriptio
615 540 635 597 f.
661 542 741 598 161v
767 537 882 619 ἐγράφη
910 533 980 620 παρ’
1007 537 1079 617 ἐμοῦ
1108 539 1342 620 βαρθωλομαίου

164 638 351 717 κομπαρίνου
375 636 408 697 ἐκ
426 646 478 698 τοῦ
501 637 614 716 πράσου
637 633 670 696 ἕν
693 644 728 713 τῆ
752 636 910 716 φλορεντία
937 639 1097 715 patefacit,
1124 638 1157 696 in
1180 638 1291 698 codicis
1314 639 1340 696 F

164 738 276 796 corolla
310 738 519 813 Euphemiana
552 738 672 812 praeter
706 735 781 793 duos
816 735 941 793 ultimos
980 755 1120 795 numeros
1151 736 1252 796 omnia
1284 735 1341 794 illa

164 835 296 893 carmina
326 836 463 894 consulto
495 833 603 892 omisit.
657 830 715 901 Qui
748 850 871 908 prorsus
906 834 1069 892 temerario
1108 834 1232 893 consilio
1262 833 1340 892 duas

164 933 417 1010 epigrammatum
441 931 641 991 conlectiones
665 930 842 1007 conligavit,
871 949 948 1007 quae
977 932 1061 989 nullo
1091 935 1180 1008 paeto
1204 933 1284 991 inter
1307 951 1339 990 se

164 1032 322 1090 cohaerere
350 1034 486 1107 possunt.
538 1030 662 1106 Sylloge
689 1028 769 1087 enim
798 1027 836 1087 ad
858 1028 1062 1104 Euphemiam
1089 1030 1180 1088 missa
1208 1033 1337 1089 exeunte

164 1131 282 1188 saeculo
313 1148 391 1188 nono
422 1131 520 1187 lucem
550 1127 644 1202 vidit,
675 1129 801 1185 alteram
831 1145 917 1203 vero,
954 1146 1031 1203 quae
1064 1127 1095 1185 in
1123 1127 1147 1184 F
1174 1126 1338 1202 praeeedit,

163 1227 261 1286 tribus
285 1227 348 1285 fere
371 1226 500 1285 saeculis
523 1225 694 1284 inferiorem
724 1242 787 1282 esse
815 1224 1010 1283 statuendum
1040 1228 1098 1302 est,
1128 1228 1235 1300 utpote
1259 1244 1337 1301 quae

163 1342 266 1382 versus
290 1344 318 1381 n.
343 1325 383 1382 66
413 1323 582 1399 contineat,
610 1341 685 1398 quos
713 1321 835 1398 quidem
857 1322 969 1381 loanni
993 1323 1117 1381 Taetzae
1141 1322 1336 1383 vindicandos

163 1439 227 1480 esse
257 1420 378 1479 aliunde
403 1424 528 1479 constet.
574 1419 657 1489 Quae
681 1438 749 1477 cum
776 1419 821 1477 ita
848 1420 921 1497 sint,
950 1440 1003 1478 cur
1025 1422 1149 1480 tandem
1171 1420 1202 1477 in
1229 1420 1336 1478 iisdem

164 1519 389 1596 epigrammatis
419 1519 453 1596 Ill
480 1521 511 1576 et
534 1519 560 1576 R
583 1511 650 1600 (a.)
680 1519 761 1577 haud
784 1520 882 1576 levem
909 1518 1048 1578 lectionis
1077 1519 1255 1579 varietatem
1286 1538 1336 1577 ex-

162 1617 294 1694 hibeant,
318 1616 430 1692 optime
454 1616 592 1694 intellegi
614 1619 716 1692 potest
740 1617 776 1674 cf.

415 1989 466 2066 nl:
747 1989 750 2091 )
1033 1990 1073 2047 a:

162 2131 198 2189 A.
222 2132 254 2189 Ρ.
278 2132 319 2189 IX
344 2133 395 2208 51,
421 2134 439 2189 2
464 2124 613 2210 rexnam)
747 2120 749 2179 λ
774 2125 879 2207 τέχνην

278 2229 321 2286 VI
346 2232 418 2306 331,
437 2231 505 2287 lem.
524 2222 701 2308 γαλτου***)
746 2283 748 2301 .
775 2227 904 2286 auctoris
928 2229 1049 2286 nomine
1074 2233 1157 2288 caret

437 2329 455 2384 6
480 2323 615 2404 εὐτυχίης
746 2322 748 2407 j
774 2321 895 2403 ἀτυχίας
923 2391 925 2394 y
1196 2403 1197 2406 Ἴ

279 2425 321 2482 IX
338 2426 408 2483 116.
427 2425 501 2484 Post
515 2444 542 2484 v.
560 2428 575 2481 1
592 2425 697 2482 inserit
745 2422 748 2491 λ
773 2426 843 2496 post
861 2444 887 2481 v.
911 2426 925 2480 1
949 2423 1070 2483 exhibet
1088 2424 1123 2484 A.
1145 2425 1177 2483 P.
1197 2424 1238 2480 IX
1264 2427 1331 2498 115,
1392 2410 1395 2413 ’

186 2524 218 2580 Α.
242 2523 274 2580 r.
298 2523 340 2580 rr
362 2525 434 2599 115,
454 2524 472 2582 5
493 2515 575 2602 (eum
595 2513 696 2601 Prae)
745 2498 747 2599 ξ
974 2523 1043 2598 usq.
1064 2512 1146 2602 (cum
1165 2520 1202 2596 P)

341 2623 359 2679 3
385 2612 413 2677 σ’
435 2617 612 2679 ἐκκαλέουσα
745 2604 747 2728 )
773 2633 804 2675 σε
827 2615 971 2678 καλέουσα

278 2719 319 2775 lx
340 2721 389 2794 68,
411 2722 429 2776 2
450 2709 641 2797 pofdpav††)
744 2736 746 2811 ἰ
773 2715 905 2795 paldone

341 2818 391 2886 69,
415 2822 427 2873 1
451 2815 602 2893 δύςμηνις.
744 2816 746 2837 “
774 2814 929 2894 (λυςμενής.

249 3147 273 3213 *)
293 3144 386 3198 Etiam
403 3163 432 3200 n.
452 3151 483 3198 13
503 3147 546 3213 (A.
566 3144 595 3200 P.
616 3145 654 3199 IX
673 3147 737 3214 366)
755 3144 860 3200 ibidem
880 3161 1039 3214 comparere
1058 3143 1230 3199 Boissonade
1249 3144 1325 3213 apud

162 3224 337 3279 Duebnerum
357 3224 455 3290 tradit3
478 3225 527 3279 sed
545 3224 643 3294 procul
662 3224 747 3279 dubio
766 3224 940 3294 epigramma
954 3239 1009 3276 non
1025 3223 1060 3275 ad
1075 3225 1203 3292 syllogen
1218 3222 1329 3291 Euphe-

161 3305 298 3372 mianam,
323 3304 371 3359 sed
394 3304 431 3358 ad
454 3308 561 3373 septem
585 3305 744 3374 sapientum
768 3305 843 3358 dieta
861 3301 996 3372 pertinet,
1021 3317 1093 3367 quae
1112 3303 1210 3356 eodem
1233 3302 1330 3357 codiee

162 3385 341 3439 eontinentur
359 3385 393 3439 cf.
414 3383 639 3440 Schneidewinus
658 3402 685 3453 p.
706 3393 729 3438 5.

234 3483 276 3550 **)
295 3481 325 3535 In
345 3481 366 3534 F
386 3483 532 3550 praeterea
550 3500 575 3538 v.
602 3488 615 3534 1
640 3483 675 3535 ad
699 3477 776 3534 οἶδεν
800 3479 927 3550 ἀμείβειν
951 3476 1048 3546 glossa
1070 3473 1257 3531 interlinearis
1282 3480 1328 3532 dd·

161 3583 245 3616 ναται
264 3561 442 3616 ἑναλλάσσεια
461 3563 578 3630 spectat,
598 3561 644 3616 cui
657 3562 687 3615 in
703 3557 829 3628 margine
842 3558 951 3611 notula:
971 3555 1002 3608 τὸ
1022 3551 1099 3608 οἶδεν
1119 3550 1246 3610 ἐνταῦθα
1265 3560 1329 3613 ἀντὶ

163 3641 310 3711 δυνάμεως
325 3642 453 3697 adicitur.
490 3640 530 3695 Ex
549 3640 575 3692 R
592 3640 664 3696 nihil
684 3637 909 3693 Schneidewinus
929 3655 956 3704 p.
971 3641 1005 3688 27
1020 3635 1155 3702 enotavit,
1175 3638 1223 3690 sed
1239 3635 1327 3693 οἶδεν·

161 3722 292 3776 δύναται·
318 3717 446 3776 ἐνταῦθα
469 3721 533 3775 ἀντὶ
557 3719 714 3789 δυνάμεως·
736 3749 767 3757 -
793 3716 932 3788 ἀμείβειν·
953 3709 1133 3769 ἐναλλάσσεια
1157 3715 1328 3774 Boissonade

160 3805 233 3872 apud
255 3801 433 3856 Duebnerum
451 3801 565 3870 profert.

215 3901 272 3969 ***)
292 3898 385 3954 Etiam
405 3897 445 3951 Pl.
465 3898 502 3952 Vl
521 3915 548 3949 6.
569 3901 602 3950 ’18
620 3895 639 3949 f.
660 3899 709 3949 64ν
732 3894 830 3963 γαίτοσ
854 3891 980 3957 exhibet3
1006 3891 1035 3945 in
1059 3892 1081 3945 P
1105 3898 1264 3963 portaticos
1288 3898 1326 3951 le-

159 3980 243 4050 gitur,
263 3981 388 4034 attamen
407 3978 431 4030 A
450 3980 608 4047 γαιτολιαοσ
628 3976 800 4038 exaraveram
822 3972 942 4027 correxit
961 3972 989 4028 C.

245 4081 273 4148 †)
293 4078 314 4130 F
334 4075 525 4130 recensionem
544 4060 717 4127 Planudeam
737 4073 766 4124 et
783 4070 830 4124 hic
849 4072 878 4124 et
895 4072 924 4125 in
943 4091 969 4126 n.
990 4077 1024 4126 56
1044 4074 1087 4142 (A.
1103 4074 1132 4126 Ρ.
1147 4071 1185 4125 IX
1203 4077 1263 4144 116)
1283 4090 1323 4127 se-

159 4158 261 4226 quitur,
280 4156 329 4211 ubi
348 4153 479 4210 ultimum
498 4151 639 4207 distichon
658 4154 806 4206 resecatur.

182 4324 188 4341 .
226 4257 274 4323 ††)
293 4251 448 4321 Adgnoscit
465 4252 611 4319 praeterea
629 4249 669 4303 Pl.
690 4249 717 4308 1.
735 4268 761 4304 n.
782 4257 832 4304 262
852 4252 870 4305 f.
892 4257 944 4304 lar.
