3030 4950
652 269 870 335 „1gffl

177 435 234 491 ber
256 437 361 492 nocte
385 436 497 508 poles
541 435 689 494 Martialis
703 436 750 493 HI
765 438 815 506 32,
834 439 926 513 lsqq.
947 437 998 495 An
1021 438 1155 514 possim
1178 440 1357 519 vetulam,

177 532 338 607 quaeris,
365 532 563 591 llalrenia?
590 552 734 608 pessum
759 532 764 606 Ι
789 541 824 596 ec
846 536 1019 612 vetulam,
1048 538 1108 595 sed
1137 541 1176 596 tu
1199 543 1357 616 mortue,

176 649 244 688 non
275 630 401 689 vetule
430 649 473 688 es.
504 630 508 703 Ι
538 631 688 690 Pessum
716 631 896 708 Hecaben,
929 653 1072 708 possum
1100 636 1252 712 Nioben,
1282 639 1356 695 bla-

175 728 305 785 lronia.
359 731 456 803 76,4
491 727 575 786 Cum
607 729 727 804 possis
760 729 939 807 Hecaben,
976 751 1043 788 non
1076 737 1180 808 petes
1213 735 1356 794 Andro-

175 827 330 883 machen.
363 826 406 882 XI
422 828 472 902 97,
490 829 508 884 2
528 826 604 883 Una
628 831 734 886 nocte
758 831 889 904 quater
911 847 1067 903 possum:
1092 831 1152 888 sed
1177 835 1357 908 quattuor

176 923 278 979 annis
309 923 313 995 Ι
345 923 374 980 si
402 941 560 1000 possum,
588 944 742 999 peream,
780 929 833 1001 le,
864 926 1053 1004 Telesilla,
1082 930 1204 987 semel!
1226 926 1237 1007 ΙΙ
1259 929 1354 990 δοκέω

176 1039 236 1077 acc.
261 1019 283 1076 b
306 1016 316 1095 ΙΙ
339 1016 397 1094 ὅτι]
422 1017 439 1078 ὅ
461 1042 488 1078 τι
510 1021 534 1079 Ρ
557 1041 593 1079 ex
617 1042 697 1081 more
720 1016 731 1099 ΙΙ
752 1022 857 1106 Δανάη
881 1021 972 1098 Ζεὺς]
997 1023 1093 1101 δανάη
1121 1025 1186 1096 ζεὺς
1211 1027 1275 1103 l'V,
1300 1029 1353 1086 δα-

176 1143 287 1220 νᾱήζης
302 1144 332 1202 Μ
350 1139 401 1221 {lb
424 1145 564 1224 χρυσοῦςΙ
589 1117 699 1225 χρυσοά
723 1148 746 1204 Ρ
770 1138 931 1228 (superscr.
951 1140 997 1227 Ο).

602 1425 656 1489 XI.
683 1428 922 1511 Φιλοδήμου.

267 1576 372 1658 Δημώ
397 1599 435 1658 με
459 1578 578 1639 κτείνει
602 1573 656 1639 καὶ
680 1573 837 1659 Θέρμιον·
861 1577 881 1660 ἡ
906 1576 966 1662 μὲν
991 1578 1113 1665 ἑταίρη,

305 1682 325 1764 ἡ
349 1683 455 1766 Δημὼ
479 1677 509 1745 δ’
537 1682 629 1746 οὔπω
655 1682 789 1764 Κύπριν
814 1682 1022 1769 ἐπισταμένη.

262 1787 329 1854 Καὶ
352 1799 408 1872 τῆς
432 1785 493 1871 μὶν
517 1789 626 1866 ψαύω·
651 1798 707 1872 τῆς
730 1784 761 1852 δ’
788 1789 829 1852 οὐ
848 1789 953 1875 θέμις.
1001 1794 1052 1857 Ob
1075 1796 1120 1877 μὰ
1143 1793 1191 1878 σε’,
1217 1798 1340 1883 Κύπρι,

306 1897 389 1979 <οὐκ
414 1891 490 1974 οἶδ’,
513 1895 556 1978 ἣν
580 1897 683 1959 εἰπεῖν
707 1897 761 1959 δεῖ
781 1919 820 1978 με
843 1898 1094 1982 ποδεινοτέρην.

172 2021 187 2067 5
266 2005 441 2088 Δημάριον
465 2003 545 2080 λέξω
569 2004 629 2087 τὴν
651 2001 836 2085 παρθένον·
861 2003 988 2090 οὐγὰρ
1013 2005 1126 2092 ἑτοῖμα

304 2113 476 2194 βούλομαι,
501 2110 583 2174 ἀλλά
602 2116 699 2173 ποθῶ
722 2117 789 2173 πᾶν
812 2112 849 2173 τὸ
873 2116 1162 2197 φυλασσόμενον).

602 2338 763 2413 ᾼδοολολίο
784 2338 908 2394 οτίλλοοε

259 2473 293 2531 A.
315 2473 345 2531 Ρ.
366 2474 424 2532 XII
445 2475 519 2549 173,
540 2471 594 2530 ubi
616 2472 641 2528 B
667 2471 800 2548 scripsit:
824 2471 984 2550 φιλοδημσ.

262 2572 279 2637 l
306 2579 389 2657 δημῶ
412 2581 439 2637 Μ
467 2575 492 2658 ΙΙκ
505 2599 539 2656 με
561 2576 679 2653 κτείνει]
710 2572 740 2656 μ’
770 2576 880 2637 ἐκκαίει
914 2580 963 2639 vel
993 2571 1020 2654 μ’
1050 2576 1181 2655 ἕκμαίνει
1208 2583 1283 2640 coni.
1311 2587 1343 2644 F.

169 2678 216 2734 W.
242 2677 425 2735 Schmidbius
452 2677 521 2735 krit.
551 2675 634 2734 stud.
663 2677 721 2736 vol.
745 2676 792 2733 ΙΙΙ
819 2697 846 2751 p.
876 2679 951 2750 1813
984 2675 1020 2732 cf.
1054 2678 1154 2733 lamen
1183 2677 1344 2751 Euripides

168 2775 290 2850 Hippol.
312 2777 396 2834 1064
417 2773 508 2851 οἴμοι·
527 2771 559 2832 τὸ
579 2770 687 2849 σεμνὸν
707 2770 746 2842 ὥς
765 2765 796 2849 μ’
817 2769 982 2831 ἀποκτείνει
1004 2768 1036 2829 τὸ
1056 2770 1119 2848 σόν,
1142 2772 1194 2830 ubi
1212 2773 1342 2832 Valcke-

167 2892 240 2930 naer
266 2894 294 2949 p.
321 2875 382 2931 278
413 2872 540 2930 Achillis
573 2871 655 2928 Tatii
686 2871 785 2928 locum
813 2870 828 2928 Ι
852 2873 869 2928 7
877 2872 924 2947 ,4
957 2869 995 2928 ab
1024 2869 1194 2946 Hirschigio
1229 2872 1344 2931 frustra

168 2974 353 3047 temptatum
381 2969 552 3044 adscripsit:
581 2965 764 3045 ἀποκτενεῖς,
792 2960 868 3045 εἶπε,
898 2975 1025 3027 σιωπῶν.
1071 2968 1116 3025 De
1144 2970 1342 3028 translatione

168 3069 233 3144 ipsa
261 3069 421 3128 videantur
449 3070 606 3143 praeterea
633 3067 828 3144 Asclepiades
856 3069 891 3124 A.
911 3066 943 3124 P.
965 3066 989 3121 V
1012 3068 1127 3142 162,3
1157 3058 1225 3145 (ubi
1252 3072 1343 3143 poeta

169 3166 316 3224 l'hilaenii
343 3186 443 3225 amere
471 3168 577 3240 captus
606 3156 768 3243 exclamat)
796 3158 926 3243 οἴχομ’,
947 3159 1089 3243 Ἔρωτες,
1116 3161 1240 3241 ἀλωλα,
1269 3164 1343 3224 διό-

168 3267 272 3341 λωλα,
295 3264 431 3323 Incertus
455 3255 525 3344 (sub
555 3284 613 3340 quo
639 3264 847 3340 Asclepiadem
871 3265 966 3323 labere
990 3257 1079 3340 pute)
1099 3262 1135 3320 A.
1155 3262 1188 3321 P.
1212 3263 1239 3318 V
1256 3266 1341 3339 11,2

168 3361 194 3420 εί
215 3361 284 3432 τοὺς
303 3359 336 3421 ἐν
360 3361 476 3441 πελάγει
500 3359 610 3438 σώζεις,
634 3361 749 3440 Κύπρι,
772 3357 845 3438 κάμὲ
868 3358 920 3419 τὸν
943 3357 975 3418 ἐν
998 3363 1035 3441 μᾷ
1057 3359 1061 3433 Ι
1081 3358 1224 3439 ναυαμόν,
1247 3361 1344 3438 φιλίη,

168 3467 264 3518 σῶσον
292 3457 554 3537 ἀπολλύμενον,
580 3459 729 3535 Meleager
750 3457 786 3516 A.
810 3459 843 3516 P.
866 3458 925 3516 XII
948 3459 1004 3532 85,
1030 3460 1106 3534 9sq.
1135 3452 1240 3520 Ξενίου
1268 3457 1343 3536 πρὸς

160 3553 291 3636 ’Ἑρωτος
321 3552 325 3634 Ι
357 3550 478 3630 δέξασθ’
508 3553 704 3633 ὀλλύμενον
732 3554 783 3615 τὸν
806 3555 906 3632 φιλίας
934 3552 1032 3632 ἱκέτην
1056 3551 1107 3632 (cl.
1125 3577 1152 3615 v.
1169 3551 1218 3632 2),
1242 3557 1343 3617 Phile-

167 3655 272 3715 demus
295 3657 329 3714 A.
350 3656 380 3716 P.
395 3655 423 3712 V
441 3658 512 3729 132,
534 3658 606 3730 lsq.
626 3650 649 3712 A
667 3661 725 3712 τῶν
744 3650 905 3712 ἀπόλωλα
925 3651 1045 3723 δικαίως
1065 3646 1070 3729 Ι
1091 3660 1211 3731 μηρῶν,
1240 3654 1342 3715 Strabo

166 3754 201 3810 A.
223 3753 255 3813 P.
273 3753 333 3811 XII
352 3755 425 3828 244,
448 3759 462 3810 l
489 3749 528 3828 ἢν
557 3749 642 3822 έςίδω
669 3749 735 3810 τινά
763 3749 883 3827 λευκόν,
911 3747 1128 3827 ἀπόλλυμαι,
1155 3750 1342 3811 Claudianus

168 3850 337 3928 Gigantum.
358 3853 400 3909 54
424 3845 463 3920 ὡς
482 3845 590 3928 ’Ἁρεως
613 3848 701 3932 αἰχμῇ
720 3857 755 3931 τῇ
774 3847 928 3928 Κύπριδος
952 3844 1083 3906 ὤλλυτο
1107 3857 1240 3931 μορφῇ,
1265 3849 1342 3908 Cha-

165 3949 225 4007 rite
249 3949 264 4007 I
290 3953 343 4023 14,
368 3951 385 4007 9
416 3944 536 4024 ἀληθῶς
565 3943 760 4023 ἀπόλωλας,
789 3939 811 4005 ὦ
839 3943 965 4025 Χαιρέα,
995 3945 1086 4023 φησί,
1116 3945 1245 4029 τοσούτῳ
1276 3947 1341 4007 δια-

166 4044 298 4124 ζευχθεὶς
325 4045 416 4104 πάθει
439 4047 474 4104 cl.
494 4046 526 4104 ΙΙ
545 4048 616 4121 4,7
646 4041 884 4119 ἀπολώλεκας,
913 4036 935 4102 ὦ
963 4048 1086 4121 Arum,
1117 4076 1157 4084 -
1187 4052 1247 4122 πῦρ
1274 4042 1340 4106 ε’κό-

166 4160 251 4220 μισας
275 4142 317 4213 εἰς
339 4141 393 4220 τὴν
418 4141 529 4220 οἰκίαν,
558 4146 667 4220 μᾶλλον
691 4135 719 4200 δ’
745 4142 786 4213 εἰς
809 4139 864 4218 τὴν
887 4139 963 4218 ἐμὴν
987 4141 1098 4220 ψυχήν,
1123 4141 1257 4200 Achilles
1282 4145 1340 4202 Ta·

164 4241 226 4298 tius
254 4241 269 4298 I
293 4244 325 4314 4,
354 4244 374 4298 4
398 4237 438 4311 ὡς
466 4237 497 4299 δὲ
528 4233 624 4317 εἶδον,
657 4238 752 4311 εὐθὺς
781 4237 988 4299 ἀπολώλειν.
1016 4273 1051 4280 -
1079 4240 1224 4298 Similiter
1247 4241 1341 4301 eliam

165 4342 272 4414 poetae
300 4339 402 4397 Labini
429 4339 520 4400 verbo
548 4340 700 4416 perdere
729 4342 858 4398 ulunlur
886 4332 937 4421 (cf.
960 4339 1115 4416 Vergilius
1139 4336 1234 4397 chal.
1261 4342 1289 4417 9,
1311 4344 1341 4422 2,
