3008 4958
641 273 859 337 ..39-

165 451 180 498 5
253 446 324 511 ταῐς
348 431 384 500 di
408 436 512 519 χάρις,
535 432 590 499 καὶ
613 435 699 519 χρὼς
723 435 818 516 ἴδιος,
842 430 896 497 καὶ
920 430 1057 518 λέκτρον
1081 431 1227 516 ἑτοῖμον,

325 542 469 627 <dripere
492 542 528 607 ἐκ
551 541 718 624 oneratas
742 540 803 604 οὐκ
827 539 1102 625 ἀλεγονόμενον.>

254 769 431 850 Μιμοῦμαι
454 766 595 850 Πύρρον
618 767 677 831 τὸν
698 759 872 849 Ἀχιλλέος,
897 764 934 840 ὃς
957 762 1153 848 προέκρινεν

321 871 496 957 Ἑρμιόνης
519 873 642 956 ἀλόχου
666 873 728 956 τὴν
751 873 868 958 λάτριν
889 867 1127 955 Ἀνδρομάχην.

599 1084 761 1140 adnotatio
781 1084 905 1139 criticae

254 1220 289 1277 A.
309 1220 340 1278 P.
360 1218 387 1275 V
408 1221 457 1296 18,
480 1217 534 1276 ubi
553 1217 580 1275 A
599 1215 749 1296 ροοφίνοο
768 1215 897 1292 scripsit,
916 1219 982 1275 tum
1000 1216 1025 1273 L
1043 1207 1137 1294 ipo}
1155 1182 1342 1294 sponsant

165 1329 227 1414 (ε
255 1332 418 1413 προνρίνον
447 1331 499 1404 τὰς
532 1352 587 1409 pro
615 1336 778 1411 προκρῑνον
810 1323 877 1412 τὰς)
906 1315 978 1391 dori*
1003 1323 1045 1412 (h.
1074 1351 1097 1389 e.
1125 1322 1249 1411 δούλας)
1282 1337 1341 1389 τῶν

162 1446 326 1530 ἐλευθέρων
345 1449 469 1525 adiecit,
493 1449 620 1524 denique
640 1446 662 1506 O
682 1447 850 1506 subiunxit:
874 1461 911 1519 ‘p
928 1440 984 1523 (=
1003 1439 1076 1527 ἔστι)
1101 1443 1132 1506 δὲ
1151 1442 1170 1524 ἡ
1188 1444 1203 1505 i
1223 1431 1341 1526 ypoippri
1387 1524 1390 1529 ἡ

162 1545 264 1608 ἔννοια
286 1544 326 1618 ὡς
350 1563 452 1628 opauco
475 1543 556 1625 riou.
582 1578 619 1586 —
646 1546 681 1604 In
704 1547 735 1605 M
756 1545 906 1625 ρονφίνον
930 1547 994 1604 sinc
1018 1545 1129 1622 spiritu
1151 1546 1272 1622 legitur.
1301 1580 1337 1588 —-

162 1646 324 1705 Praeterea
347 1645 533 1722 epigramma
556 1645 587 1702 in
611 1645 691 1702 calce
715 1643 835 1719 aliquot
859 1643 996 1702 codicum
1024 1644 1205 1702 recensionis
1229 1644 1340 1705 Planu-

162 1744 235 1803 deae
259 1747 351 1821 extat,
375 1763 399 1802 e.
419 1763 463 1820 gr.
486 1743 518 1800 in
537 1742 637 1801 codice
657 1740 862 1800 Laurentiano
881 1741 961 1800 Plut.
978 1741 1076 1800 XXXI
1099 1762 1126 1800 n.
1148 1744 1188 1801 28
1208 1742 1228 1800 f.
1247 1746 1340 1822 302V²

161 1842 215 1901 ubi
241 1844 352 1900 lemma
383 1837 494 1918 ἄδηλον
522 1840 627 1918 habes,
655 1840 686 1898 in
716 1840 816 1898 codice
845 1839 993 1899 Vaticano
1018 1838 1067 1899 Gr.
1090 1842 1173 1900 1372
1206 1842 1226 1899 f.
1247 1845 1340 1919 336',

163 1940 216 1998 ubi
239 1941 350 1998 lemma
373 1939 472 2015 deest,
500 1939 532 1997 in
555 1939 654 1997 codice
678 1938 878 1996 Ambrosiano
904 1940 929 1995 A
952 1941 1012 1998 161
1040 1957 1105 2014 sup.
1129 1939 1258 2016 [1002
1288 1941 1341 2016 qui

162 2038 239 2096 liber
271 2037 376 2096 itidem
410 2039 550 2095 lemmate
579 2039 668 2095 caret.
703 2067 740 2076 —
777 2034 929 2095 Gaetulici
961 2035 1099 2095 uersibus
1130 2037 1166 2094 A.
1190 2037 1221 2094 P.
1246 2037 1273 2093 V
1300 2042 1338 2096 17

162 2139 282 2194 nostros
308 2136 343 2194 D.
373 2135 517 2193 Heinsius
545 2134 647 2194 Poem.
679 2155 708 2210 p.
732 2137 797 2194 494
828 2137 859 2192 et
892 2132 1033 2191 Reiskius
1061 2133 1225 2190 Miscellan.
1258 2133 1339 2209 Lips.

162 2232 239 2294 Nor.
262 2234 321 2294 vol.
340 2233 383 2291 IX
406 2253 436 2308 p.
458 2234 519 2292 103
544 2253 571 2291 n.
593 2234 655 2290 282
680 2251 772 2308 prave
797 2231 969 2290 adnectunt.

253 2342 271 2407 l
293 2346 444 2427 codrides]
465 2349 586 2425 scripsi:
606 2349 743 2428 σοβαρῶν
762 2347 854 2406 PMV
873 2346 962 2404 Laur.
982 2346 1051 2406 Vat.
1069 2347 1169 2405 Ambr.
1190 2351 1221 2406 et
1239 2348 1339 2425 volgo,

163 2446 242 2506 unde
268 2445 405 2506 omnibus
430 2448 589 2524 glaucoma
613 2447 650 2506 ob
675 2446 777 2506 oculos
802 2447 848 2504 est
872 2443 998 2503 obiecta.
1033 2443 1131 2521 Volgo
1155 2445 1234 2502 enim
1257 2445 1339 2504 Ruti-

163 2565 220 2604 nus
247 2545 414 2621 parabilem
444 2546 598 2622 nullisque
631 2544 774 2621 periculis
807 2543 969 2602 obnoxium
1002 2543 1181 2600 ancillarum
1209 2561 1341 2601 amorem

161 2645 368 2701 matronarum
392 2644 487 2702 amori
509 2645 661 2720 praeferre
686 2643 832 2718 creditur,
856 2660 925 2699 cum
948 2641 1109 2700 manifesto
1132 2643 1224 2717 poeta
1247 2641 1339 2699 ancil·

162 2741 261 2799 larum
285 2760 416 2800 amorem
441 2744 471 2799 et
494 2741 595 2817 gratia
618 2760 677 2799 non
701 2740 804 2797 fucata
834 2739 969 2800 suaviter
991 2739 1198 2800 adficientium
1223 2743 1254 2798 et
1277 2740 1341 2798 cuti

161 2838 283 2914 propria
307 2838 530 2914 splendentium
550 2841 581 2897 et
604 2839 717 2896 lectum
737 2840 879 2913 paratum
899 2837 962 2895 sine
980 2857 1091 2915 magno
1111 2841 1235 2914 sumptu
1253 2816 1339 2914 prae-

162 2936 309 2995 stantium
328 2939 505 3011 sumptuoso
524 2935 619 2994 amori
637 2934 830 2993 meretricum
852 2939 995 3012 opponat,
1020 2955 1097 3012 quae
1120 2937 1251 2995 colorem
1270 2936 1340 2994 fuco

161 3034 359 3110 mentiuntur,
378 3032 462 3091 inani
481 3032 622 3108 superbia
640 3034 732 3108 atque
754 3031 914 3108 adroganti
933 3032 1092 3091 ferocitate
1111 3036 1232 3092 tument
1249 3051 1340 3108 pecu-

163 3130 291 3209 niaeque
315 3130 482 3207 cupiditate
506 3129 656 3188 inmodica
680 3129 795 3187 ardent.
835 3127 948 3197 Quodsi
972 3129 1093 3189 Horatii
1115 3149 1221 3190 versus
1246 3130 1342 3190 Sati

164 3231 192 3306 2,
215 3232 276 3289 116
294 3248 357 3306 sqq.
382 3227 617 3303 comparaveris:

604 3346 746 3402 tument
769 3343 840 3402 tibi
863 3363 943 3403 cum
967 3344 1134 3423 inguina,
1158 3366 1253 3422 num,
1277 3346 1307 3403 si

207 3441 345 3500 ancilla
368 3448 433 3502 aut
455 3461 567 3503 verna
590 3447 645 3502 est
667 3445 816 3518 praesto
839 3462 941 3518 puer,
965 3443 1123 3519 impetus
1147 3444 1182 3502 in
1207 3463 1308 3520 quem

207 3540 380 3600 continuo
404 3541 487 3618 fiat,
506 3539 614 3599 malis
637 3540 824 3616 tentigine
848 3539 985 3616 rumpi?

208 3628 287 3687 Non
312 3648 393 3706 ego:
417 3649 569 3706 namque
593 3628 798 3704 parabilem
821 3648 898 3687 arno
921 3649 1089 3689 venerem
1112 3630 1342 3706 facilemque.

207 3725 316 3783 Illam
339 3720 439 3801 ‘post
461 3720 588 3802 paulo'
614 3757 652 3768 -
680 3719 757 3784 ‘sed
774 3719 908 3802 pluris’
932 3759 976 3766 —
1001 3721 1046 3785 ‘si
1070 3727 1203 3785 exierit
1225 3721 1295 3787 vir’

207 3821 335 3880 Gallis.
380 3825 478 3882 Hanc
502 3824 734 3882 Philodemus
758 3823 811 3881 ait
838 3823 924 3900 sibi,
953 3843 1043 3901 quae
1072 3843 1188 3901 neque
1211 3843 1340 3899 magno

207 3919 282 3976 stet
305 3921 425 3993 pretio
449 3940 565 3998 neque
589 3924 798 3996 cunctetur,
822 3940 899 3979 oum
924 3926 980 3982 est
1002 3922 1117 3997 iussa,
1140 3923 1278 3982 venire.

208 4012 367 4073 Candida
389 4020 566 4094 rectaque
590 4019 651 4095 sit,
675 4019 805 4077 munda
823 4020 1015 4094 hactenus,
1039 4024 1079 4078 ut
1097 4039 1212 4095 neque
1231 4020 1342 4097 longa

207 4129 271 4170 nec
294 4112 411 4189 magis
435 4112 645 4190 alba'velit
670 4136 773 4192 quam
797 4117 859 4176 dat
881 4120 1026 4194 natura,
1050 4117 1188 4192 videri,

163 4245 306 4304 Rufinum
335 4264 351 4303 e
383 4246 553 4305 Philodami
586 4248 801 4324 epigrammate
839 4250 994 4326 deperdito
1032 4252 1146 4309 colores
1179 4251 1341 4327 sumpsisse

165 4344 240 4402 mihi
263 4344 415 4405 concedes.
462 4344 546 4404 Alibi
570 4363 640 4404 sane
664 4346 744 4405 idem
766 4349 959 4408 Philodemus
984 4349 1106 4425 optione
1130 4347 1214 4422 data,
1238 4353 1342 4410 utrum
