3008 4958
677 233 890 296 „32-

199 398 325 457 nianum
343 398 402 457 VH
422 401 484 458 236
505 400 597 459 verba
619 396 752 468 τοιοῦτός
774 396 834 457 ἔστι
856 405 914 469 πᾶς
936 395 1012 476 ἐρῶν
1035 395 1154 459 πόθου
1176 393 1295 458 πνέων
1318 399 1376 457 hoc

200 498 288 555 modo
304 497 389 555 reddi
402 498 528 556 debent:
543 492 597 554 ‘sic
612 499 803 571 comparatus
818 500 864 555 est
878 497 1007 574 quilibet
1016 517 1129 574 amane,
1148 517 1216 555 cum
1227 498 1375 556 desiderio

200 615 323 681 fervet'.
348 619 358 699 ll
376 593 511 700 χαρικλοί
519 621 543 679 Ρ
559 615 580 700 (’
593 624 628 697 Α,
649 652 661 665 -
675 611 711 701 0)
730 614 741 697 ll
760 614 780 678 2
796 613 844 680 οἶά
858 618 926 700 περ]
947 623 978 680 in
997 622 1021 679 P
1040 622 1180 698 spiritum
1200 625 1231 681 et
1245 623 1377 698 priorem

201 721 358 777 accentum
381 718 403 777 O
428 719 556 794 addidit,
584 737 652 776 cum
680 717 784 776 eadem
812 719 899 796 signa
927 720 963 777 ab
988 719 1016 777 A
1038 720 1139 796 posita
1165 720 1265 777 minus
1294 720 1377 776 clara

199 817 341 893 fuissent,
365 808 465 894 οίαπερ
486 817 515 873 Μ
534 812 543 892 ,Ι
563 810 583 875 3
603 813 750 890 ἕσκυλται]
775 812 887 874 ἔσσεται
905 817 944 893 Μ,
967 814 1085 875 ἔσσυται
1102 816 1144 890 V3
1169 817 1204 875 cf.
1224 817 1377 893 Meleager

201 915 236 973 A.
255 913 334 972 RV
361 915 437 990 175,
461 916 478 972 5
503 909 513 991 i
536 906 564 971 δ’
594 910 766 994 ἀμάρυγμα]
798 907 825 971 δ’
851 910 1046 994 ἀμάρυγματα
1068 914 1092 972 Ρ
1125 906 1192 995 (ubi
1220 917 1375 973 accentum

200 1031 293 1087 supra
320 1034 339 1070 υ
369 1011 502 1086 positum
526 1012 618 1070 erasit
647 1013 837 1087 alterumque
861 1013 997 1072 exaravit
1020 1011 1056 1088 0,
1081 1012 1133 1088 qui
1160 1013 1321 1070 manifesto
1346 1004 1375 1069 d’

201 1107 359 1187 ἀμάρυγμα
392 1112 581 1168 correcturus
618 1102 711 1190 erat),
744 1102 771 1167 δ’
802 1105 997 1189 ἀμαρύγματα
1019 1109 1060 1186 V,
1098 1108 1310 1190 δαμαρύγματα
1332 1108 1377 1184 Μ,

201 1204 359 1285 ἀμάρυγμα
382 1199 459 1286 (siue
484 1200 528 1286 δ’)
554 1207 697 1266 Heinsius
721 1207 740 1265 l.
760 1225 783 1264 c.
808 1207 904 1265 edidit
921 1200 971 1284 114
996 1204 1098 1278 λευκὸς
1122 1207 1248 1265 schedae
1268 1207 1377 1282 Thryl-

203 1304 397 1363 litzsohianae
416 1303 447 1361 iu
466 1305 602 1381 margine
622 1305 763 1363 exhibent
785 1297 795 1380 ll
818 1298 908 1382 ὃμὲν
928 1324 984 1363 om.
998 1304 1027 1361 V
1044 1299 1055 1383 ΙΙ
1072 1301 1282 1388 παννυχίησιν]
1303 1325 1378 1362 παν-

201 1394 334 1498 vexari
344 1419 366 1477 Ρ
383 1412 542 1499 (superscr.
559 1411 607 1496 C),
622 1417 821 1497 παννυχίησιν
833 1420 875 1495 Μ,
895 1419 1102 1499 παννυχίοισιν
1116 1412 1379 1499 Η61116166611611ζ1

202 1511 225 1576 6
240 1514 352 1596 φέρεις]
372 1513 454 1596 φέρει
468 1517 533 1575 MV
550 1511 561 1594 ΙΙ
579 1513 665 1590 iisq.
681 1513 773 1595 ὄλβου
786 1549 830 1556 —
845 1515 948 1596 πήχεσι
967 1517 1074 1576 laudat
1088 1517 1195 1576 Suidas
1211 1536 1232 1577 6.
1248 1539 1275 1577 v.
1291 1513 1379 1595 ὄλβος

201 1615 260 1675 vol.
275 1614 305 1673 ΙΙ
323 1619 338 1672 1
360 1633 388 1690 p.
407 1617 499 1689 1078,
516 1619 588 1690 lsq.
605 1610 616 1693 ΙΙ
634 1611 725 1693 ὄλβου
743 1603 866 1689 παντὸς]
887 1610 964 1698 ὄλβῳ
987 1614 1100 1685 πάντας
1119 1615 1194 1674 coni.
1213 1615 1378 1673 Salmasius

201 1714 232 1770 in
251 1713 387 1789 margine
407 1713 574 1790 apographi
589 1712 743 1776 Guietiani
762 1714 935 1788 recepitque
954 1714 1125 1771 Brunckius
1142 1709 1153 1791 ΙΙ
1170 1709 1377 1792 ὑπερπέταται]

203 1829 324 1887 Suidas:
352 1817 583 1908 ὑπερπέταταιΡ
607 1820 674 1909 (ubi
698 1850 717 1885 α
741 1828 934 1904 superposuit
953 1826 989 1904 0,
1019 1828 1071 1904 qui
1100 1829 1190 1887 etiam
1221 1831 1378 1887 accentum

203 1926 320 1985 addidit
348 1929 378 1984 et
400 1948 420 1984 υ
447 1926 479 1983 in
511 1945 617 1984 rasura
644 1920 807 2003 restituit),
835 1921 1035 2005 ὑπερπέπαται
1053 1926 1097 2002 Μ,
1131 1923 1320 2005 ὑπερπέτεται
1342 1925 1378 2000 V,

203 2024 386 2100 eandemque
402 2024 582 2099 scripturam
607 2024 749 2081 Duebner
762 2025 939 2104 reponebat3
955 2024 1095 2100 equidem
1108 2024 1235 2082 formam
1249 2025 1378 2083 retinere
1441 2066 1444 2070 .

204 2122 298 2182 malui
309 2125 340 2180 et
350 2122 525 2198 posterioris
541 2122 608 2181 aevi
623 2120 820 2197 scriptoribus
836 2120 1065 2180 usitatissimam
1080 2125 1111 2180 et
1125 2122 1235 2180 codicis
1248 2121 1380 2180 Palatini

204 2220 312 2279 habitu
330 2218 569 2278 commendatam
584 2221 621 2278 cf.
636 2220 673 2278 A.
686 2219 718 2277 P.
734 2219 878 2295 711646,
895 2219 929 2293 6,
949 2217 990 2275 IX
1001 2220 1052 2294 39,
1063 2220 1096 2294 4,
1110 2219 1153 2276 ΧΙ
1165 2222 1215 2295 91,
1226 2222 1260 2295 4,
1280 2221 1330 2295 92,
1346 2221 1379 2291 4,

205 2320 277 2394 208,
298 2320 330 2393 2,
353 2316 413 2375 ΧΠ
435 2320 505 2391 102,
528 2321 559 2392 6,
585 2319 662 2394 249,
684 2309 769 2393 2117
796 2313 829 2385 6ς
852 2312 896 2390 σε]
920 2318 1001 2374 recte
1026 2315 1135 2374 Suidas
1159 2319 1189 2374 et
1212 2317 1276 2374 MV
1299 2316 1379 2374 exhi-

203 2416 284 2492 bent,
303 2433 400 2491 neque
415 2415 505 2472 aliter
519 2414 550 2472 iu
564 2414 588 2473 P
601 2415 744 2472 librarius
764 2414 901 2472 dederat:
920 2431 999 2471 nuuc
1019 2413 1140 2490 quidem
1155 2408 1188 2485 ὃς
1207 2409 1238 2473 σὲ
1257 2414 1379 2490 legitur,

204 2514 255 2572 sed
279 2514 409 2571 alterum
433 2516 590 2572 accentum
612 2532 666 2589 pro
687 2516 776 2571 acuto
797 2510 819 2570 0
838 2511 950 2588 posuit,
975 2511 1106 2569 alterum
1129 2512 1208 2570 idem
1231 2514 1380 2571 corrector

203 2611 325 2686 adiecit,
349 2609 515 2687 IacobsiuS,
544 2630 633 2687 quem
656 2610 799 2669 Duebner
828 2611 949 2667 secutus
973 2612 1033 2686 est,
1061 2603 1094 2680 ὃς
1117 2606 1149 2668 σὲ
1173 2609 1279 2687 edidit,
1311 2628 1379 2684 pro-

111 2732 113 2736 ⁴
203 2727 312 2767 nornen
331 2703 362 2766 σὲ
381 2726 448 2765 cum
468 2709 603 2785 emphasi
621 2708 882 2785 pronuntiandum
901 2725 965 2765 esse
983 2707 1060 2766 falso
1080 2706 1241 2767 adfirmans
1260 2708 1319 2768 vol.
1335 2706 1380 2765 Ill

203 2828 232 2882 p.
254 2809 315 2864 112
334 2801 345 2883 ΙΙ
363 2802 571 2885 περιπλέγδην]
596 2802 792 2885 περὶπλέγδην
811 2806 844 2884 Ρ,
869 2806 920 2864 666
950 2804 1081 2881 priorem
1110 2809 1267 2864 accentum
1286 2805 1308 2863 0
1328 2805 1379 2862 ad-

203 2905 303 2962 iunxit
320 2901 330 2981 ΙΙ
348 2901 406 2982 ἔχε]
426 2922 486 2961 666.
506 2902 542 2980 0,
565 2901 620 2983 ἔχει
638 2905 701 2963 MV
717 2898 762 2986 (et
781 2905 978 2963 Ruhnkenius
996 2903 1092 2978 Epist.
1113 2901 1184 2961 Orit.
1201 2896 1235 2961 ¹1
1254 2925 1282 2979 p.
1298 2898 1354 2980 43)
1371 2896 1379 2982 J

204 2995 575 3077 ὥωῶωΜ-’

576 3315 662 3383 XXI.
684 3311 1005 3403 Ἐρατοσθένους.

293 3477 417 3562 Μακρά
440 3483 531 3561 φιλεῖ
553 3478 716 3542 Γαλάτεια
740 3476 795 3542 καὶ
818 3479 964 3561 έμψοφα,
988 3479 1143 3561 μαλθακά
1166 3478 1281 3560 Δημώ,

338 3582 451 3668 Δωρὶς
474 3586 623 3663 taratra.
673 3587 730 3660 Τίς
752 3581 853 3648 πλέον
878 3582 1038 3669 έξερέθει,

296 3690 408 3755 olava
432 3693 474 3775 μὴ
498 3694 636 3776 κρίνωσι
661 3693 844 3774 φιλήματα·
868 3693 1067 3776 γευσάμενοι
1091 3687 1128 3754 δὲ

337 3800 543 3882 τριχθαὸίων
567 3797 739 3881 στομάτων
763 3806 878 3880 ψῆφον
902 3797 1114 3881 ἐποισόμεθα.

206 3923 222 3968 t
272 3900 499 3988 <Ἐπλάγχθης
521 3905 653 3989 κραδίη·
677 3904 717 3966 τὰ
740 3907 907 3987 φιλήματα
931 3903 1084 3988 μαλθακὰ
1107 3907 1245 3986 Δημοῦς

338 4014 442 4095 ἔγνως
464 4008 519 4076 καὶ
543 4012 712 4096 δροσερῶν
735 4010 801 4092 ἡδὺ
824 4010 897 4095 μέλι
916 4011 1101 4095 στομάτων·

295 4113 386 4203 μίμν’
413 4115 466 4182 ἐπὶ
489 4127 570 4192 τοῖς·
595 4115 778 4180 ἀδέκαστον
803 4120 868 4202 ἔχει
892 4116 1023 4202 στέφος·
1048 4122 1079 4183 εί
1101 4115 1140 4182 δέ
1160 4142 1209 4194 τις
1232 4119 1314 4201 άλλη

338 4221 498 4309 τέρπεται,
523 4223 558 4287 ἐκ
581 4228 719 4306 Δημοῦς
744 4222 842 4306 ἡμέας
865 4224 927 4288 οὐκ
950 4224 1091 4310 ἐρύσει.)
