3008 4958
682 253 897 314 ,14-

203 437 275 486 κνος
298 413 388 493 ἐστίν,
412 415 466 476 οὐκ
490 413 583 494 ἀετός,
607 415 662 476 ούκ
685 413 848 495 άνθρωπος
872 409 1023 498 ἐρωτικὸς)
1043 420 1102 479 vol.
1122 419 1135 476 Ι
1159 439 1186 494 p.
1207 421 1270 477 426
1293 413 1380 500 (Din-

204 505 298 594 dorf):
318 511 374 573 ἐπὶ
394 512 550 592 Νέμεσιν
571 514 699 594 δράκων,
718 512 774 574 έπί
798 514 924 592 Λήδαν
942 517 1064 592 κύκνος,
1083 514 1139 575 ἐπὶ
1158 516 1380 594 Γανυμήδην

204 608 296 686 ἀετός,
321 603 508 690 Ἀμφιτρύων
538 606 589 671 ἐπ’
617 606 823 691 Ἀλκμήνην.
869 613 985 683 Quibus
1013 615 1086 673 locis
1115 612 1162 673 ἐπὶ
1186 634 1253 672 cunr
1277 615 1379 673 dativo

203 710 396 768 coniunctum
420 713 624 787 expectaveris
648 712 684 770 cf.
705 730 728 769 e.
749 731 792 788 gr.
819 712 971 789 Meleager
991 714 1024 770 A.
1046 713 1075 771 P.
1096 712 1154 770 XII
1170 715 1219 788 70,
1241 716 1257 770 6
1283 713 1379 789 ταρβῶ

204 806 243 885 μή
268 808 399 886 ψεύστης
423 809 499 881 Ζεὺς
527 804 577 869 ἐπ’
609 808 686 887 ἐμοὶ
708 804 844 888 γέγονεν,
874 811 1015 869 Iustinus
1041 811 1156 886 Martyr
1184 811 1221 868 ad
1252 809 1379 868 Graecos

204 905 285 965 Orat.
308 911 324 964 2
349 928 378 982 p.
399 907 453 966 3A
478 901 538 988 (ed.
561 908 655 966 Paris¹
680 901 791 988 174252
821 904 837 966 δ
866 905 919 985 μέν
943 899 999 967 οὖν
1023 907 1099 978 Ζεὺς
1127 905 1228 986 μοιχὸς
1251 911 1379 989 πολλαχῇ

203 996 254 1062 ἐπ’
277 997 442 1089 Ἀντιόπη
467 1002 520 1084 μέν
545 1002 584 1077 ὡς
608 1005 744 1084 σάτυρος,
766 1003 816 1064 καί
841 1002 940 1084 <έπὶ>
963 1005 1090 1090 Λανάη
1114 1004 1231 1084 χρυσός,
1254 1003 1304 1063 καὶ
1327 998 1377 1063 ἐπ’

202 1099 358 1186 Εὐρώπη
382 1111 489 1182 ταῦρος
512 1094 562 1182 ήν,
585 1103 760 1162 Athenaeus
779 1104 854 1163 XIII
871 1125 899 1180 p.
921 1104 1027 1164 5661)
1048 1101 1096 1162 διὰ
1120 1103 1225 1174 κάλλος
1245 1098 1343 1160 δὲκαὶ
1364 1099 1379 1159 ὁ

203 1194 335 1277 μέγιστος
368 1208 425 1258 τῶν
457 1204 538 1259 θεῶν
572 1198 620 1259 διὰ
653 1200 788 1281 κεράμων
822 1199 929 1282 χρυσὸς
963 1199 1087 1282 έρχεται,
1121 1209 1228 1280 ταῦρος
1260 1199 1380 1279 γίνεται,

203 1293 286 1368 ἀετὸς
309 1307 477 1379 πτεροῦται,
500 1296 594 1378 ὥςπερ
613 1296 662 1358 καί
691 1292 743 1358 ἐπ’
771 1299 911 1384 Αἰγίνη.
957 1301 1035 1358 Hinc
1064 1299 1160 1378 igitur
1184 1299 1275 1357 etiam
1300 1299 1377 1374 apud

203 1396 366 1454 Aelianum
388 1397 424 1457 V.
443 1397 480 1455 H.
499 1397 581 1456 IV5
607 1394 656 1456 διὰ
683 1395 739 1477 γὰρ
768 1395 877 1469 αύτοῦς
906 1394 1092 1475 ἀπολομένου
1120 1405 1171 1456 τοῦ
1198 1394 1379 1477 Πρώνακτος

203 1492 253 1553 τὸν
273 1491 373 1574 ἀγῶνα
391 1493 499 1555 έθεσαν
519 1489 565 1554 ἐπ’
588 1493 669 1578 αύτῷ
688 1496 835 1585 librorum
854 1497 1028 1555 memoriam
1052 1488 1098 1554 ἐπ’
1125 1493 1215 1554 αὐτὸν
1240 1496 1382 1572 anonymi

202 1592 359 1652 cniusdam
379 1594 586 1653 emendatione
610 1595 641 1652 in
665 1595 788 1653 Miscell.
814 1593 935 1654 Observ.
960 1595 1020 1654 vol.
1044 1594 1092 1651 III
1110 1615 1138 1669 p.
1160 1596 1201 1652 90
1225 1592 1381 1652 oblittera-

202 1693 265 1748 tam
294 1693 433 1768 equidem
460 1693 725 1770 redintegrandam
755 1710 819 1750 esse
851 1710 968 1767 censeo,
1002 1691 1075 1749 licet
1102 1690 1248 1748 Aelianus
1278 1692 1381 1749 statim

202 1789 294 1849 verba
317 1785 353 1849 δν
377 1791 411 1849 αί
429 1789 533 1850 πολλοὶ
561 1789 673 1850 οἴονται
700 1783 752 1850 ἐπ’
776 1783 971 1873 Ἀρχεμόρῳ
994 1793 1119 1866 τεθήναι
1142 1786 1171 1860 ἐξ
1197 1785 1286 1867 ἀρχῆς
1310 1789 1381 1846 sub-

202 1887 318 1965 iungat.
365 1887 453 1948 Certe
477 1891 581 1949 eodem
604 1890 692 1949 modo
717 1892 846 1965 utraque
871 1887 1055 1946 constructio
1085 1888 1116 1944 in
1140 1890 1318 1964 argumento
1343 1888 1380 1945 ad

202 1985 303 2045 Nonni
322 1987 447 2064 Dionys.
467 1989 486 2046 l.
505 1988 605 2046 XXXI
618 1987 764 2046 recurrit:
788 1983 820 2046 έν
840 1982 871 2044 δὲ
896 1988 1056 2068 τριηκοστῷ
1080 1982 1185 2068 πρώτῳ
1209 1983 1381 2062 μειλίσσεται

200 2079 280 2165 Ἥρη
301 2080 431 2160 λ”Ὶπνον
458 2083 515 2144 έπί
546 2084 733 2165 Κρονίδην
761 2082 811 2143 καί
830 2081 1027 2162 Περσεφόνην
1050 2079 1106 2142 έπί
1132 2081 1254 2166 Βάκχφ
1276 2076 1287 2160 ΙΙ
1309 2079 1380 2151 Διὸς

202 2184 240 2241 ad
270 2176 316 2242 ἐπ’
349 2177 531 2262 Ἀλκμήνην,
565 2185 609 2244 ita
638 2188 675 2242 ut
708 2178 858 2263 ἐρωμένην
889 2182 1056 2258 suppleret,
1087 2199 1179 2257 prave
1208 2181 1313 2239 Manso
1343 2180 1380 2237 ad

202 2299 345 2377 Meleagr.
362 2292 480 2381 (1789)
500 2322 528 2376 p.
551 2303 611 2359 125
632 2301 726 2359 traxit
743 2293 753 2377 Η
770 2289 874 2377 ήλθες]
897 2278 989 2374 ’ήλθες
1008 2296 1031 2353 Ρ
1052 2288 1120 2376 (·Α,
1137 2329 1149 2341 u
1162 2286 1199 2375 O)
1222 2291 1232 2372 Ιλ
1251 2291 1272 2354 6
1292 2292 1381 2354 σῦκα-

203 2395 276 2475 δαής
302 2399 344 2472 Μ,
368 2417 466 2475 neque
491 2399 581 2457 aliter
603 2399 631 2455 A
654 2399 685 2455 in
709 2397 732 2454 P
753 2399 942 2472 exaraverat,
965 2393 1019 2453 ubi
1043 2395 1172 2452 alterum
1196 2393 1336 2469 spiritum
1356 2392 1378 2450 C

202 2495 319 2554 addidit
341 2488 343 2517 ³
368 2499 438 2571 post
461 2491 554 2572 ἀδαής
573 2515 732 2572 perperam
757 2515 793 2554 ex
820 2492 1002 2571 apographis
1022 2483 1058 2574 δἸ
1076 2491 1259 2566 interposuit
1282 2492 1379 2549 Brun·

202 2592 287 2651 ckius
305 2588 315 2670 ss
333 2589 394 2651 έσσι
414 2595 443 2650 Μ
461 2589 472 2672 ΙΙ
489 2592 704 2682 παλιηδρομίης
728 2594 752 2652 Ρ
777 2585 816 2674 (υ
828 2591 877 2670 O),
899 2591 989 2651 πάλιν
1014 2589 1138 2670 δρομίης
1156 2589 1196 2648 Μ.
1223 2620 1260 2629 -

620 2820 659 2884 Χ.
683 2819 965 2903 Κιλλάκτορος.

295 2945 444 3039 Ῐζρύσεος
466 2940 510 3029 ήν
533 2946 630 3029 γενεή
653 2942 707 3010 καί
731 2944 868 3029 χάλκεος
891 2938 1036 3027 ἀργυρέη
1058 2962 1093 3003 τε

339 3055 504 3137 πρόσθεν·
527 3056 667 3136 παντοίη
693 3048 722 3116 δ’
749 3051 770 3135 ή
794 3048 965 3133 Κυθέρεια
987 3048 1028 3112 τά
1050 3055 1115 3110 νῦν

293 3156 349 3222 καὶ
371 3168 520 3245 χρυσοῦν
542 3164 620 3243 τίει,
644 3157 699 3224 καὶ
722 3158 861 3241 χάλκεον
885 3152 981 3239 ἄνδρ’
1008 3153 1183 3238 ἐφίλησεν,

336 3263 391 3329 καὶ
414 3270 493 3344 τοὺς
516 3266 700 3353 ἀργυρέους
723 3257 837 3329 οὔποτ’
864 3259 1114 3345 ἀποστρέφεται.

204 3390 219 3434 n
294 3371 433 3458 Νέστωρ
456 3383 495 3457 τῇ
520 3377 697 3457 Παφίη-
720 3367 824 3435 δοκέω
849 3366 879 3432 δ’
907 3367 957 3432 ὅτι
980 3365 1033 3430 καὶ
1060 3365 1177 3449 Δανάη
1203 3367 1286 3440 Ζεὺς

339 3480 379 3544 ού
403 3484 538 3565 χρυσός,
564 3488 708 3565 χρυσοῦς
732 3473 762 3542 δ’
790 3472 874 3558 ήλθε
899 3474 1012 3559 φέρων
1037 3471 1162 3538 ἑκατόν.

634 3670 798 3725 Adnotatio
818 3668 940 3724 critice:

291 3807 327 3865 A.
342 3808 373 3865 P.
393 3807 421 3864 V
441 3809 491 3883 31,
516 3807 567 3864 ubi
586 3806 613 3862 A
638 3805 768 3880 scripsit:
793 3811 845 3863 τοῦ
869 3785 911 3860 oni
937 3803 964 3859 h.
990 3821 1012 3859 e.
1043 3794 1235 3879 Ἀντιπάτρου
1266 3800 1375 3859 Θεσσα-

203 3903 357 3981 λονικέως,
381 3910 444 3964 tum
471 3906 506 3961 L:
531 3901 575 3963 ότι
597 3902 692 3973 πάσας
715 3896 742 3960 τί
764 3900 836 3971 ύλας
859 3895 988 3977 ήηδονή
1014 3897 1145 3983 ἀσπάζεη
1172 3892 1184 3977 5
1208 3895 1285 3977 χωρ5
1308 3922 1376 3978 χρυ-

203 4022 257 4064 σον
281 4001 354 4085 έήρα
377 4001 551 4081 ουχαλίσκεη
571 4001 720 4071 adiunxit;
746 4000 777 4057 in
801 4000 935 4076 margine
960 4003 1062 4058 autem
1087 3998 1108 4056 O
1134 3999 1243 4057 adiecit
1266 3992 1299 4073 λ’,
1318 4017 1375 4070 quo

204 4137 345 4214 designo
366 4136 402 4194 cf.
423 4135 522 4193 Melet.
542 4132 591 4192 Gr.
612 4132 625 4188 Ι
646 4153 672 4207 p,
690 4136 739 4192 14.
767 4164 804 4173 -
830 4133 874 4190 Ex
898 4135 1070 4209 compendio
1090 4091 1219 4206 maros,
1240 4130 1320 4206 quod
1343 4127 1374 4184 in

204 4235 262 4291 MV
281 4234 403 4310 legitur,
422 4233 530 4290 lemma
550 4229 745 4309 Κιλλάκτορος
761 4231 858 4303 elicui,
877 4252 965 4307 quam
985 4232 1113 4289 nominis
1139 4231 1264 4287 formam
1284 4227 1375 4284 codex

203 4340 358 4398 Palatinus
377 4339 408 4398 in
427 4341 512 4413 parte
532 4340 569 4396 ab
586 4338 610 4395 A
627 4341 749 4398 exarata
768 4339 863 4414 offert,
883 4339 998 4397 scilicet
1013 4314 1163 4410 κιλλακτοή
1189 4333 1221 4389 A.
1242 4332 1274 4392 P.
1290 4332 1317 4388 V
1333 4335 1373 4390 29
