3008 4958
628 294 661 302 -
713 260 755 318 (ill
803 293 845 302 -

143 420 322 505 γανόώσα,
346 418 584 502 1Π225άμφω
608 417 639 481 δὲ
658 419 853 501 γεγηθότες
877 417 970 499 ἀμφὶ
989 418 1155 506 τραπέζῃ,
1177 423 1319 482 Manetho

143 523 328 599 Apotelesm.
346 523 390 581 VI
410 525 473 583 215
493 517 557 581 αἰέν
576 517 821 604 ὁμοφροσύνῃσιν
840 511 992 579 ἰαίνοντ’
1018 516 1108 597 ἀμφὶ
1135 520 1320 601 γάμοισιν,

143 621 273 691 Quintus
307 621 488 698 Smyrnaeus
520 620 671 701 Posthom.
699 618 744 677 VI
770 621 831 678 124
865 614 955 696 ἀμφὶ
985 614 1023 676 δέ
1060 617 1097 676 οἱ
1126 618 1318 698 κεχάροντο

143 716 216 837 μέγα
239 717 325 798 φρεσὶ
350 718 457 798 Τρώϊοι
479 718 563 795 υἱεῖς,
586 696 646 776 VH
669 719 733 776 462
764 713 854 794 ἀμφὶ
882 712 1150 794 Νεοπτολέμοιο
1178 715 1217 794 βί
1220 741 1239 801 ῃ
1262 739 1318 776 κε-

142 816 308 897 χάροντο,
341 818 415 876 VIII
439 819 502 877 336
535 814 667 895 γήθεεν
699 813 790 894 ἀμφὶ
821 810 991 874 νέκυσσιν
1022 811 1072 873 καὶ
1104 812 1161 873 οὐκ
1192 811 1320 932 ἀλέγιζεν

135 911 255 993 Ἄρηος,
277 915 352 974 ΧΠΙ
372 917 434 975 358
460 910 475 973 ὁ
504 906 533 971 δ’
558 912 680 991 αἵματος
703 910 873 992 ἐκχυμένοιο
899 906 903 988 λ
928 909 1104 990 γήθεεν’
1088 910 1179 990 αμφὶ
1206 911 1320 1032 φάγῃ,

142 1013 348 1089 Apollinarius
380 1013 567 1072 Laodicenus
595 1012 740 1088 Paraphr.
772 1011 880 1069 Psalm.
908 1011 994 1070 XXII
1025 1013 1065 1069 42
1100 1003 1186 1088 ἀμφ’
1225 1009 1319 1070 αάτῶ

142 1110 324 1190 κεχάροιτο
352 1109 421 1182 νόος
444 1108 640 1189 πραπίδεσσιν
668 1108 801 1184 ἰανθείς,
823 1109 950 1166 XXXIV
972 1112 1010 1167 17
1037 1106 1129 1188 αὐτὰρ
1156 1106 1212 1187 έμή
1236 1108 1319 1189 ψυχή

142 1207 372 1288 κεχαρήσεται
386 1206 478 1287 ἀμφὶ
491 1204 766 1284 sunamitem
781 1199 859 1264 δεῦτ’
871 1203 1318 1287 ἕπαγαλλόμενοιγηθήσομεν

143 1298 233 1385 ἀμφὶ
247 1303 389 1383 ἀνακτι,
400 1305 596 1364 ΟΧἯΠ302
609 1300 700 1381 ἀμφὶ
714 1309 806 1374 τεοῖς
821 1300 962 1363 ἐπέεσσι
976 1303 1065 1380 φίλον
1080 1303 1320 1385 κεχαρήσομαι

141 1397 223 1484 ήτορ,
241 1404 368 1463 Nonnns
386 1405 511 1479 Dionys.
536 1403 550 1460 Ι
571 1405 632 1461 531
646 1421 688 1478 sq.
713 1398 802 1478 ἀμφὶ
825 1397 861 1459 δὲ
886 1410 1004 1484 μορφή
1026 1399 1029 1473 λ
1050 1398 1215 1481 θέλγεται
1234 1400 1319 1463 ἀλλο-

140 1501 303 1582 πρόςαλλον
327 1498 409 1581 άγων
428 1497 574 1580 ἀκόρητον
593 1495 732 1576 όποιπήν,
756 1500 826 1558 XIX
856 1503 896 1559 95
918 1515 960 1576 sq.
984 1496 1077 1577 ἀμφὶ
1100 1496 1137 1559 δέ
1162 1500 1289 1584 ῥυθμῷ
1311 1497 1314 1558 l

140 1601 247 1671 πάντες
263 1595 339 1677 ὁμοῦ
354 1595 537 1678 θέλγοντο.
562 1597 619 1656 Sed
630 1597 711 1674 apud
722 1597 878 1674 Theognin
890 1600 953 1658 778
969 1594 1320 1684 τερπομένῳκιθάρῃ

115 1744 117 1747 -
140 1693 166 1758 τ’
192 1691 277 1775 ἀμφ’
293 1695 397 1780 έρατῃ
421 1695 529 1780 θαλίῃ
548 1696 713 1772 Hartungii
731 1696 935 1754 coniecturam
958 1689 984 1754 τ’
1007 1689 1086 1774 ἀμφ’
1112 1716 1167 1772 pro
1186 1694 1237 1756 καὶ
1260 1718 1319 1756 non

140 1799 220 1856 recte
234 1796 385 1872 Bergkius
399 1795 431 1853 in
450 1795 579 1854 editione
594 1797 703 1871 quarta
717 1793 791 1852 mihi
805 1795 952 1869 recepisse
966 1794 1104 1854 videtur:
1125 1791 1319 1854 scribendum

139 1893 191 1954 καί
212 1886 238 1952 τ’
269 1913 337 1952 cum
367 1888 532 1952 Schaefero
562 1924 601 1932 —
631 1891 714 1961 Quae
743 1891 878 1966 exempla
906 1891 944 1949 ad
972 1891 1118 1950 librorum
1146 1891 1320 1951 memoriam

26 2036 28 2040 -
140 1995 171 2052 in
204 1991 356 2053 Theocriti
388 2009 478 2050 versu
509 1989 552 2049 Id.
580 1991 596 2048 Ι
620 1992 661 2049 54
694 1985 761 2050 οάτε
794 1995 897 2066 φυτῶν
935 1997 1097 2067 τοσσήνον,
1137 1987 1208 2049 ὅσον
1240 1989 1320 2070 περὶ

139 2087 310 2170 πλέγματι
332 2093 443 2170 γαθεῐ
465 2089 610 2147 tuendam
638 2088 824 2164 sufficerent,
852 2087 971 2146 etiarnsi
999 2088 1183 2147 constructio
1210 2092 1320 2168 γηθεῖν

141 2188 209 2267 περί
230 2211 290 2248 τινι
308 2206 447 2263 expresso
466 2187 639 2246 testimonio
658 2185 836 2245 communiri
854 2204 914 2244 non
933 2189 1047 2261 posset3
1071 2189 1103 2243 at
1130 2186 1209 2244 enim
1226 2189 1320 2247 testes

139 2286 369 2362 locupletissimi
400 2287 520 2361 praesto
553 2288 636 2344 sunt:
670 2283 850 2358 Apollonius
883 2283 1017 2342 Rhodius
1050 2283 1162 2361 Argon.
1190 2285 1222 2343 ΙΙ
1254 2288 1316 2344 162

141 2380 229 2461 περὶ,
248 2379 285 2441 δέ
313 2397 397 2460 σφιν
425 2381 561 2442 ἰαίνετο
592 2380 721 2459 νήνεμος
753 2377 826 2457 ἀκτή
851 2381 856 2454 Ι
882 2376 1132 2459 μελπομένοις,
1164 2382 1319 2458 Oppianus

142 2480 275 2539 HaIIeut.
294 2479 341 2538 III
360 2483 422 2540 246
443 2478 644 2560 γηθόσυνοι
666 2476 745 2557 περὶ
768 2478 887 2558 μητρί,
912 2481 973 2537 617
994 2477 1073 2558 περὶ
1097 2478 1192 2539 δαιτὶ
1214 2501 1317 2560 γεγη-

143 2575 247 2648 θότες
274 2575 442 2656 ίαίνονται,
461 2578 592 2648 Quintus
620 2579 803 2654 Smyrnaeus
831 2576 981 2636 Posthom.
1010 2577 1053 2634 XI
1077 2580 1116 2637 51
1147 2577 1318 2657 μάρψαντες

142 2675 332 2755 κεχάροντο
347 2675 433 2760 φίλῃ
448 2674 528 2756 περὶ
541 2674 1319 2754 ληλὸιθυμόν,ΑῃοΠίτιοτὶαεΙιοοάίοοοοοΡοτομλιο.

142 2774 248 2833 Psalm.
264 2775 351 2833 XXI
374 2770 438 2834 αἰέν
457 2771 543 2852 άναξ,
562 2771 778 2857 ἀχραντε,,τεῷ
800 2771 1018 2853 ascinderet
1039 2772 1170 2852 χαίροι,
1191 2775 1318 2833 XXXIV

144 2875 183 2931 18
208 2872 260 2931 καί
282 2872 314 2932 οί
333 2868 526 2955 ἀλεξικάκῳ
549 2871 629 2951 περὶ
652 2868 776 2951 φέγγεϊ
796 2869 1005 2952 γηθήσειεν,
1028 2871 1113 2929 LXII
1133 2873 1173 2931 15
1198 2869 1248 2931 καὶ
1270 2868 1319 2933 σέο

140 2969 342 3051 γηθήσαιμι
381 2967 460 3049 περὶ
497 2970 680 3049 πτερύγων
719 2965 868 3050 ἀλεωρή,
905 2966 1032 3026 XCVIII
1065 2971 1105 3026 24
1144 2965 1200 3028 σολ
1239 2964 1320 3048 ιτέρι

143 3066 286 3148 Θαβῶρός
313 3059 348 3126 θ’
374 3062 578 3144 Ἑρμοτνόϊμός
605 3087 635 3124 τε
662 3069 816 3143 χαρεῖεν,
844 3064 1070 3141 Tryphiodorus
1096 3066 1159 3123 244
1183 3064 1319 3125 θαλπό-

142 3187 246 3245 μενοι
273 3162 353 3243 τιερὶ
380 3163 523 3241 παισίν,
551 3161 639 3234 όσους
667 3161 732 3221 λίπε
755 3160 874 3238 φοίνιος
894 3157 994 3241 ’Ἁρης
1020 3195 1060 3205 -
1090 3163 1199 3222 Futilis
1223 3163 1319 3240 igitur

142 3263 299 3324 FrItzsohii
328 3266 374 3322 est
402 3265 475 3321 nota
503 3263 540 3321 ad
565 3257 716 3321 TheocrIti
739 3262 758 3319 l.
783 3279 805 3320 e.
830 3261 888 3321 vol.
908 3261 923 3320 I
946 3281 974 3336 p.
995 3263 1034 3321 31
1061 3261 1105 3321 ed.
1129 3261 1210 3320 mai:
1241 3254 1318 3321 ‘for-

141 3363 222 3421 tasse
246 3362 294 3420 hic
318 3364 364 3420 est
387 3361 494 3420 unicus
518 3362 616 3438 locus,
644 3360 697 3418 ubi
720 3359 871 3437 gaudendi
897 3360 989 3419 verbo
1018 3359 1109 3418 alicui
1136 3360 1319 3435 praepositio

140 3457 207 3538 περὶ
230 3460 332 3519 datIvo
357 3459 460 3535 iuncta
483 3463 529 3518 est
553 3452 686 3519 adiecta'
709 3457 867 3533 futilisque
890 3456 1032 3515 Meinekii
1056 3460 1102 3516 est
1128 3457 1319 3517 ratiocinatio

143 3551 188 3632 ³p.
215 3560 292 3618 136:
317 3551 382 3632 ‘pro
406 3555 477 3616 ὅσον
499 3555 566 3637 περὶ
589 3560 717 3617 fortasse
741 3555 944 3614 scribendum:
969 3552 1040 3614 ὅσον
1063 3546 1089 3613 τ’
1115 3550 1163 3613 ἐπὶ
1179 3551 1320 3633 πλέγματι

142 3657 239 3732 γαθεῖ.
283 3654 351 3713 Non
376 3655 455 3713 enirn
478 3656 599 3714 memini
622 3675 669 3714 me
688 3656 788 3731 legere
807 3652 919 3732 χαίρειν
937 3651 1006 3731 περί
1021 3645 1103 3710 τινι’.
1149 3651 1231 3721 Quae
1251 3671 1320 3711 cum

142 3751 186 3809 Ita
209 3752 283 3829 sint,
306 3753 486 3812 temeritatis
510 3755 623 3813 crimen
645 3773 705 3812 non
729 3751 849 3826 subibo,
873 3750 899 3808 si
922 3751 1002 3826 apud
1024 3749 1220 3824 Apollonium
1238 3750 1318 3809 Rho-

143 3848 226 3906 dium
248 3847 359 3925 Argon.
382 3848 427 3907 IV
451 3853 513 3910 997
538 3850 631 3928 φαίης
649 3872 701 3910 κεν
724 3847 784 3920 έοῖς
807 3845 855 3908 ἐπὶ
877 3844 961 3906 παισλ
984 3846 1135 3926 γάνυσθαι
1154 3866 1191 3904 ex
1219 3847 1318 3906 codice

143 3945 378 4021 Guelferbytano
405 3945 472 4026 περὶ
498 3968 551 4024 pro
579 3946 628 4020 ἐπὶ
655 3948 859 4024 recipiendum
887 3964 950 4004 esse
979 3944 1191 4019 adfirmavero3
1222 3964 1318 4020 neque

141 4042 221 4118 apud
252 4041 474 4117 Apollinarium
503 4045 705 4105 Laodicenum
732 4045 874 4120 Paraphr.
909 4042 1019 4102 Psalm.
1052 4039 1179 4101 XCVIII
1203 4045 1244 4101 26
1280 4040 1317 4120 σή

141 4137 338 4222 μεγαλιζέσθο)
361 4137 434 4217 πρὸς
457 4140 565 4219 θάρσεϊ
586 4140 714 4221 δεξιτερή
737 4141 796 4222 χεὶρ
820 4124 1073 4218 praepositionem
1095 4135 1169 4217 πρὸς
1191 4139 1222 4197 in
1252 4139 1320 4219 περὶ

141 4239 273 4299 mutanti
288 4238 447 4297 adsensum
465 4239 634 4316 denegabis,
654 4260 722 4299 cum
736 4239 928 4318 superbiendi
947 4241 977 4298 et
994 4236 1144 4315 gloriandi
1162 4238 1317 4299 notionem

142 4358 160 4396 a
181 4339 304 4398 notione
323 4336 457 4395 laetItiae
481 4354 516 4395 ac
538 4337 705 4410 voluptatis
728 4339 809 4397 hand
833 4339 965 4396 multum
995 4337 1106 4396 ‹fistare
1130 4340 1318 4414 reputaveris
