3008 4958
619 265 839 328 „79-

139 426 289 508 ἐρωτικοῖς
316 427 449 489 καὶτῶν
473 428 615 488 τοιούτων
638 425 770 495 ἀνάπλεα
793 428 1009 508 γοιμευμάτων.
1054 430 1216 488 Fallnntur
1239 430 1319 488 enim

140 528 198 588 viri
229 528 324 605 docti,
357 547 427 586 cum
454 527 606 604 Agathias
633 527 851 605 epigrammata
883 527 915 583 in
940 520 1097 602 ‘Cyclum'
1131 527 1168 585 ab
1197 537 1319 586 auctore

140 629 262 702 recepta
300 645 335 684 cx
370 625 476 684 iisdem
507 625 691 699 Daphniacis
724 624 847 683 fluxisse
887 627 1042 700 statuunt,
1080 624 1228 701 siquidem
1267 625 1321 682 illa
1368 671 1371 676 .

141 717 279 802 ’συλλογὴ
303 719 380 782 νέων
402 720 632 802 ἐπιγραμμάτων
655 719 808 781 έκτεθεῖσα
830 719 864 781 ἐν
878 719 1119 782 ἲΚωνσταντίνου
1142 719 1226 781 πόλει
1248 720 1321 800 πρὸς

142 818 299 903 Θεόδωρον
323 820 515 899 Δεκουρίωνα
543 818 595 880 τὸν
628 813 749 898 Κοσμᾶ’
782 819 991 880 tantummodo
1025 820 1157 878 carmina
1186 820 1319 897 elegiaco

140 922 236 978 metro
265 920 383 979 inclusa
410 920 586 979 continebat
616 919 652 978 cf.
681 919 718 977 A.
742 918 775 977 P.
799 919 842 977 IV
863 921 896 996 3,
922 921 984 978 106
1004 937 1048 994 sq.
1080 915 1130 978 καί
1165 915 1252 978 τόσον
1285 916 1320 991 ἐξ

140 1013 275 1097 έλέχοιο
298 1013 480 1097 πολυσπερές
497 1013 597 1088 άνθος
615 1013 734 1095 ἀγείρας
754 1015 758 1089 Ι
780 1013 890 1095 στέμμα
908 1033 955 1076 σοι
973 1014 1121 1094 εύμύθοιο
1141 1014 1321 1095 καθήρμοσα

141 1114 350 1193 Καλλιοπείης,
387 1119 448 1175 129
474 1134 537 1193 sqq.
566 1112 684 1174 έκταῖον
712 1109 744 1172 δέ
778 1110 864 1192 μέλος
895 1111 1059 1174 κλέπτουσα
1087 1113 1218 1194 Κυθήρη
1248 1110 1253 1192 Ι
1280 1114 1322 1186 εἰς

140 1210 260 1294 ὀάρους
283 1210 424 1293 έλὲχοιο
458 1210 654 1293 παρατρέψειε
681 1211 805 1298 πορείην
833 1206 837 1293 Ι
871 1210 922 1272 καὶ
950 1210 1111 1291 γλυκεροὺς
1141 1210 1171 1283 ἐς
1203 1210 1321 1292 ἔρωτας.

141 1311 254 1380 Quodsi
278 1312 317 1370 ad
335 1311 421 1389 Cycli
438 1312 627 1388 prooemium
649 1311 734 1388 prius
758 1305 810 1390 (A.
829 1311 860 1368 P.
879 1311 923 1368 IV
943 1303 992 1391 3),
1020 1311 1220 1386 compositum
1244 1312 1321 1370 illud

142 1410 264 1486 quidem
295 1429 332 1469 ex
360 1410 507 1469 trimetris
540 1410 678 1469 iambicis
706 1400 853 1487 (1-46)
885 1410 916 1466 et
948 1407 1130 1467 hexametris
1163 1409 1321 1485 dactylicis

141 1500 325 1587 (tt-133)
353 1509 578 1584 provocaveris,
611 1506 747 1583 profecto
775 1505 887 1564 nodum
919 1505 951 1563 in
984 1505 1082 1581 scirpo
1111 1525 1245 1582 quaeres.
1277 1539 1322 1548 —

143 1603 226 1673 Quae
245 1624 315 1664 cum
333 1605 379 1664 ita
397 1607 466 1682 sint,
484 1606 678 1683 Daphniacis,
700 1623 761 1662 non
780 1603 871 1680 chlo
891 1603 1077 1680 epigramma
1095 1603 1131 1663 A.
1146 1604 1178 1663 P.
1197 1604 1240 1663 IX
1255 1607 1319 1666 498

141 1699 199 1779 Μὴ
217 1702 327 1786 θάψης
350 1700 402 1763 τὸν
425 1700 576 1764 άθαπτον
601 1701 635 1762 ία
657 1700 726 1761 κυσὶ
743 1701 843 1780 κύρμα
860 1698 1013 1779 γενέσθαι·
1034 1701 1039 1775 1
1059 1709 1097 1782 γῆ
1121 1701 1240 1762 πάντων
1264 1701 1320 1780 μύ-

140 1821 193 1878 τηρ
217 1799 432 1880 μητροφθόρον
452 1799 489 1861 ού
513 1794 603 1881 δίχετ’
627 1797 725 1879 άνδρα
743 1800 956 1860 vindicandum
979 1803 1033 1875 est,
1057 1801 1138 1876 quod
1157 1805 1188 1860 ct
1207 1803 1237 1859 in
1257 1797 1317 1860 An·

140 1898 278 1976 thologia
311 1898 452 1958 Palatina
481 1903 512 1959 et
538 1901 570 1958 in
601 1899 725 1976 Sylloge
752 1898 908 1957 Planudea
941 1899 1004 1956 sine
1033 1899 1166 1958 auctoris
1199 1901 1318 1959 nominc

140 1995 289 2055 traditum
319 1998 358 2056 ad
384 1997 549 2075 Agathiam
576 2001 658 2056 recte
686 1997 761 2055 mihi
788 1996 943 2055 rettulisse
972 1996 1077 2056 videor
1105 1997 1204 2056 Melet.
1231 1997 1280 2056 Gr.
1305 1998 1320 2055 Ι

78 2165 98 2189 s
139 2113 168 2168 p.
188 2097 245 2170 293
270 2114 367 2172 neque
392 2096 482 2155 aliter
506 2097 542 2155 de
565 2095 602 2154 A.
622 2095 653 2153 P.
677 2094 706 2152 V
725 2097 766 2154 77
790 2092 833 2152 Εἰ
855 2093 940 2171 τοίην
962 2093 1048 2173 χάριν
1071 2086 1127 2172 εἶχε
1149 2090 1226 2173 χυνιΙ
1250 2092 1321 2171 μετὰ

140 2190 294 2271 Κύπριδος
323 2190 432 2271 εύνιΙν,
457 2191 461 2266 Ι
487 2191 543 2254 ούκ
571 2189 609 2253 άν
636 2214 681 2253 τοι
704 2188 874 2271 χρονέεσκεν
897 2188 973 2270 ἀνὴρ
997 2187 1145 2270 άλύχοισιν
1169 2188 1293 2269 ὁμιλῶν·
1315 2185 1318 2273 Ι

140 2296 231 2348 πᾶσαι
257 2287 320 2370 γὰρ,
342 2288 413 2369 μετὰ
441 2291 561 2371 Κύπριν
589 2288 723 2367 ἀτερπέες
751 2287 806 2349 εἰσὶ
833 2293 971 2368 γυναῖκες
999 2290 1159 2366 iudicabis,
1183 2290 1209 2348 si
1232 2290 1321 2350 modo

89 2403 92 2407 ’
141 2386 223 2462 ipsos
250 2406 355 2447 versus
384 2389 494 2449 Rufino
523 2390 708 2465 eximendos,
735 2388 888 2463 Agathias
916 2391 1020 2447 autem
1047 2388 1228 2448 addicendos
1257 2408 1320 2447 esse

142 2484 227 2543 nobis
251 2477 431 2546 concesseris
455 2488 491 2546 cf.
516 2488 555 2546 ad
577 2508 605 2546 n.
625 2486 728 2545 XXIII
752 2505 851 2561 supra.
877 2518 917 2526 -
944 2487 1026 2550 Hacc
1052 2505 1123 2546 vero
1147 2487 1247 2544 omnia
1270 2490 1319 2544 ut-

140 2585 212 2656 pote
236 2581 274 2640 ab
297 2582 450 2661 Agathias
474 2583 565 2660 chlo
590 2584 690 2642 aliena
709 2581 927 2643 Constantinus
945 2583 1094 2661 Cephalus
1116 2584 1319 2660 Anthologiaa

142 2679 396 2757 epigrammatum
420 2683 582 2742 inseruisse
606 2682 741 2759 videtur,
765 2682 797 2741 id
820 2683 1017 2758 quodetiam
1041 2683 1077 2740 de
1101 2681 1320 2759 epigrammate

141 2777 177 2838 A.
201 2777 234 2836 P.
259 2777 303 2838 VI
327 2781 370 2839 80
398 2774 498 2858 ¹’ce-let,
536 2799 595 2858 quo
624 2780 773 2857 Agathias
809 2781 1055 2857 Daphniacorum
1086 2799 1195 2841 novem
1227 2780 1321 2839 libros

140 2874 250 2935 Veneri
270 2876 405 2937 dedicat:

329 2976 514 3052 Δαφνιακῶυ
539 2973 652 3054 βίβλων
672 2967 798 3058 Ἀμαθία
820 2970 839 3051 ri
863 2973 966 3046 ένυεάς
989 2975 1063 3053 είμι·

300 3068 303 3074 ’
380 3070 452 3133 ἀλλά
475 3066 507 3151 μ’
533 3068 708 3148 δτεκτιΙνας
730 3068 841 3132 άνθετο
865 3072 922 3150 σοί,
945 3072 1035 3149 Παφί
1059 3087 1066 3101 ·

326 3168 363 3230 ού
385 3168 441 3251 γὰρ
464 3170 633 3247 Πιερίδεσσι
656 3167 744 3230 τόσον
767 3166 853 3249 μέλω,
877 3169 966 3231 ὅσσον
982 3165 1101 3249 Ἔρωτι,

379 3264 464 3349 ύρχια
483 3268 642 3330 τοσσατίων
665 3265 855 3348 άμφιέπονσα
877 3267 993 3329 πόθων.

324 3366 413 3428 Αἰτεῑ
432 3361 460 3427 δ’
486 3364 553 3427 ἀντὶ
575 3364 687 3446 πόνων,
710 3367 760 3428 ἵνα
783 3367 815 3428 oi
835 3365 885 3428 διὰ
908 3372 969 3428 σεῖο
992 3367 1098 3449 παρείη

376 3461 396 3543 ύΙ
418 3489 485 3526 τινα
508 3464 549 3545 μὴ
573 3463 694 3544 φιλέειν,
716 3461 737 3544 ΙΙ
759 3464 831 3544 ταχύ
853 3463 1046 3545 πειθομένην.

139 3557 266 3639 chlum
279 3563 368 3641 enim,
386 3568 550 3641 antequam
567 3565 744 3641 Daphniaca
757 3563 905 3640 Agathias
920 3565 1147 3640 composuisset,
1165 3564 1196 3621 in
1220 3565 1319 3624 lucem

141 3661 257 3720 editum
276 3679 340 3721 esse
359 3666 465 3722 auctor
483 3664 548 3738 ipso
567 3663 585 3721 l.
602 3681 625 3721 c.
645 3662 757 3720 diserte
775 3663 920 3720 testatur:
943 3659 1105 3740 ἐτύγχανον
1130 3692 1173 3701 -
1196 3682 1318 3740 γοητευ-

140 3757 249 3835 μάτων.
287 3754 392 3833 Ἔδοξε
420 3757 452 3819 δέ
480 3781 530 3837 μοι
556 3758 729 3838 πρότερον
756 3754 875 3818 κάκεῖνο
903 3755 1073 3830 άξιέπαινόυ
1105 3778 1133 3816 τι
1165 3750 1242 3816 εἶναι
1270 3756 1320 3817 καί

141 3853 197 3913 οὐκ
223 3850 324 3934 άχαρι,
351 3856 381 3916 εί
401 3879 435 3936 χε
461 3865 520 3917 τῶν
546 3855 773 3936 ἐπιγραμμάτων
800 3853 835 3914 τδι
862 3852 998 3935 άρτιμενῆ
1021 3853 1071 3915 καί
1101 3853 1228 3934 νεώτερα
1256 3854 1319 3914 δια-

141 3950 333 4010 λανθάνοντα
364 3952 420 4031 tu,
452 3952 503 4014 καλ
534 3954 629 4034 χύδην
657 3952 765 4015 οὑτωσί
800 3946 870 4032 παρ’
904 3951 995 4023 ένίοις
1030 3951 1321 4032 ύποψνθυριζόμενα,

141 4044 292 4127 άμείραιμί
312 4071 341 4108 τε
364 4047 404 4122 ὡς
428 4044 493 4111 οἷόν
515 4073 544 4111 τε
566 4050 596 4123 ές
620 4049 727 4112 ταύτδν
744 4049 794 4112 καί
813 4047 1019 4131 άναγράψαιμι
1038 4047 1144 4109 ἕκαστα
1168 4047 1201 4109 ἐν
1220 4049 1319 4135 κόσμῳ

143 4142 369 4225 ἀποκεκριμένα.

233 4238 251 4303 l
276 4243 321 4316 τίς
344 4266 379 4323 με
401 4243 540 4322 φίλησεν]
565 4247 670 4321 scripsi
693 4249 732 4307 ad
755 4269 782 4309 n.
801 4248 886 4307 XLII
911 4250 943 4306 7:
973 4245 1017 4317 τίς
1042 4239 1073 4324 μ’
1098 4243 1238 4324 ἐφίλησεν
1261 4248 1318 4306 PV

143 4346 174 4403 et
188 4400 190 4404 .
204 4345 304 4424 volgo,
341 4365 385 4416 τις
418 4364 454 4424 με
485 4342 611 4420 φίλησεν
644 4345 673 4402 M
697 4341 708 4422 ΙΙ
728 4338 787 4422 ὑφ’
812 4342 933 4426 ἕσπερα]
966 4365 1034 4404 cum
1058 4343 1161 4403 GMV
1184 4347 1319 4421 reposui:
