3008 4958
695 191 910 255 ..96..

210 352 315 414 Αδωνι
331 349 342 432 Ι)
360 351 528 431 δακρύοισι]
548 354 654 430 scripsi
673 373 741 413 cum
766 354 877 413 Bothio
903 348 947 431 (in
971 356 1052 415 notis
1076 357 1292 433 manuscriptis
1311 357 1393 435 apud

210 452 379 511 Iacobsium
404 454 463 513 vel.
482 451 529 510 HI
553 445 715 531 (Addend.)
738 473 767 528 p.
788 447 925 530 XXXV);
950 451 1075 532 δάκρυσι
1099 453 1168 530 PV,
1193 452 1320 533 δακρυσι
1343 454 1374 512 M
1382 477 1391 527 ;

211 549 353 630 δάκρυσσι
387 551 552 609 Salmasius
584 551 615 608 in
648 550 784 627 margine
817 551 984 627 apographi
1021 550 1175 610 Guietiani
1208 552 1417 630 corrigebat,-

211 669 300 725 quam
326 649 505 725 scripturam
530 666 632 706 omnes
656 648 786 707 editores
810 653 881 708 sunt
910 650 1053 727 amplexi3
1083 654 1115 709 at
1143 650 1223 708 enim
1247 649 1392 730 δάκρυσσι

210 747 370 806 admodum
394 747 480 806 tenui
499 745 682 805 auctoritate
708 746 825 820 nititur,
850 766 919 805 cum
942 749 1070 806 sormam
1090 747 1246 828 δακρύοισι
1265 749 1390 824 paeonis

210 845 295 904 tertii
319 864 460 904 mensura
479 845 561 921 apud
583 846 689 921 poetas
708 844 875 921 dactylicos
898 845 1079 905 instructam
1099 846 1188 905 certis
1207 846 1390 906 testimoniis

210 944 408 1002 corroborare
426 943 524 1018 possis
543 942 580 1000 cf.
599 941 748 1000 Homerus
767 941 821 1002 Od.
844 946 892 1019 18,
916 945 976 1002 173
1002 937 1076 1022 μηδ’
1097 942 1174 1004 oltra
1199 943 1391 1025 δακρύοισι

209 1037 384 1119 πεφυρμένη
408 1037 486 1118 διμφλ
504 1037 655 1118 πρόςωπο,
681 1040 862 1116 Apollonius
881 1041 1015 1101 Rhodius
1035 1042 1148 1120 Argon.
1167 1042 1215 1100 ΙΠ
1235 1045 1298 1103 805
1324 1042 1391 1102 δεῦε

210 1133 242 1195 δέ
265 1136 394 1206 κόλπους
415 1130 419 1216 )
440 1133 585 1214 ἄλληκτον
609 1135 818 1217 δακρύοισι,
843 1139 982 1198 Moschus
1006 1139 1048 1197 Id.
1064 1138 1107 1196 IV
1124 1142 1164 1199 59
1185 1133 1225 1210 ὣς
1240 1133 1274 1196 δ’
1293 1134 1390 1209 αύτοις

210 1234 404 1314 δακρύοισι
435 1234 547 1313 παρήϊα
580 1228 659 1293 λεύκ’
689 1232 833 1312 έδίαινεν,
864 1237 1011 1296 Maximus
1042 1233 1109 1314 περὶ
1138 1243 1290 1316 καταρχῶν
1325 1239 1387 1297 331

209 1329 378 1412 ταρβαλέοις
403 1331 591 1412 δακρύοισι
620 1330 810 1412 πεφυρμένος
834 1331 1014 1412 ἰνδάλλοιτο,
1042 1335 1228 1412 epigramma
1258 1326 1303 1415 (3.
1327 1334 1389 1393 fare

209 1431 323 1490 sacculi
341 1452 370 1507 p.
390 1429 456 1489 Chr.
476 1425 519 1509 ιι.)
538 1451 565 1489 n.
588 1433 694 1507 699,5
716 1425 853 1511 (Καίλιολ)
872 1429 922 1491 καλ
947 1432 1159 1512 δακρύοισιν
1178 1429 1301 1513 έβρεξοιν
1320 1430 1390 1492 ὅλον

208 1529 318 1606 τάφον·
341 1524 464 1599 άστατος
488 1525 594 1605 ὅντως,
617 1527 745 1587 Rufinus
769 1529 805 1588 A.
827 1530 858 1587 P.
877 1529 905 1585 V
926 1533 954 1607 9,
975 1533 992 1589 5
1018 1523 1081 1589 ἀλλ’
1107 1527 1164 1589 αιέὶ
1194 1528 1391 1609 δακρύοισι

209 1623 398 1706 πεφυρμένος
421 1623 440 1704 δ)
461 1619 505 1685 ’rat
529 1625 677 1707 Κορησόν,
703 1626 868 1704 Gregorius
887 1627 1093 1687 Nazianzenus
1114 1626 1209 1686 Oarrn.
1230 1627 1246 1686 Ι
1266 1631 1284 1686 2
1309 1648 1337 1687 ιι.
1358 1631 1387 1706 2,

210 1727 273 1785 518
299 1722 426 1803 (Patrcl.
450 1723 499 1784 Gr.
519 1725 577 1784 vol.
601 1718 758 1805 XXXVII)
782 1746 811 1801 p.
832 1728 893 1785 619
923 1723 1007 1804 εύχαί
1028 1746 1057 1785 τε
1081 1724 1221 1804 στοναχαί
1242 1746 1271 1784 τε
1295 1722 1389 1805 ἀκαμ-

208 1819 288 1896 πέες;
317 1820 354 1882 οὐ
382 1822 570 1902 δακρύοισι
591 1819 595 1894 l
616 1815 746 1900 τηκονῖ,
774 1823 804 1880 ΙΙ
829 1826 845 1881 1
872 1845 899 1881 n.
920 1826 976 1900 44,
1003 1827 1064 1885 149
1095 1845 1123 1901 p.
1150 1825 1236 1883 1364
1264 1822 1335 1895 τοὺς
1359 1819 1390 1883 δέ

208 1918 301 1980 ποτὸν
325 1919 515 2000 δακρύοισι
538 1917 717 2001 μεμιγμένον
746 1916 945 2000 ἀλγινόεσσιν,
967 1921 998 1979 Π
1023 1925 1041 1982 2
1066 1943 1093 1980 ιι.
1116 1923 1227 2000 2,119
1251 1942 1280 1998 p.
1303 1924 1387 1982 1488

210 2018 323 2097 μούνη,
349 2017 399 2079 καῖ
427 2018 642 2098 δακρύοισιν
666 2015 808 2078 άπέκλυσε
835 2017 956 2097 πήματα
983 2024 1116 2100 πικροῖς,
1138 2020 1275 2078 Eudocia
1299 2021 1336 2079 da
1360 2019 1388 2079 S.

210 2116 360 2194 Cypriane
371 2118 401 2176 II
413 2121 431 2176 2
442 2117 538 2188 πίστις
554 2115 740 2195 μυστιπόλος,
755 2120 893 2196 θαλεροῖς
907 2115 1015 2196 ἐμέθεν
1030 2116 1262 2197 δακρύοισιν,
1277 2117 1388 2194 quibus

210 2214 361 2274 addantur
389 2215 588 2292 Empedocles
612 2215 693 2290 apud
719 2212 883 2273 Stobaeum
901 2214 992 2274 Anth.
1013 2217 1027 2274 I
1049 2217 1214 2292 10,11³,3
1237 2215 1388 2274 Wachsm.

210 2307 256 2394 (et
280 2306 367 2393 alibi)
391 2322 492 2392 νῆστις
515 2306 589 2391 θ’ύ)
614 2313 784 2394 δακρύοις
807 2309 909 2392 τέγγει,
932 2313 1092 2394 κρούνωμα
1115 2311 1259 2394 βρότειον,
1283 2315 1388 2373 Ascle-

208 2413 312 2488 piades
335 2412 372 2472 A.
397 2413 428 2471 P.
455 2412 482 2469 V
509 2415 624 2489 145,3
657 2408 724 2482 οὓςΙ
744 2411 916 2491 δακρύοις
949 2407 1118 2491 κατέβρεξα·
1155 2410 1307 2492 κάτομβρα
1333 2409 1389 2491 γδιρ

209 2504 314 2589 ὄμματ’
349 2508 503 2591 ἐρώντων,
535 2512 673 2570 Incertus
697 2511 731 2569 A.
752 2511 784 2569 P.
802 2510 863 2569 VH
883 2511 956 2587 340,
981 2511 999 2568 2
1030 2505 1182 2589 ὀμβρήσας
1213 2507 1387 2588 δακρύοις

209 2607 340 2688 λάρνακα
363 2605 545 2688 μαρμαρέην,
570 2609 756 2686 epigramma
775 2629 802 2666 n.
823 2610 909 2684 297⁸,
930 2610 948 2666 3
969 2600 1015 2688 (in
1035 2607 1166 2666 Kaibalii
1186 2599 1389 2687 coniectione)

208 2703 290 2766 άλλοι
318 2702 372 2784 μέν
402 2707 587 2785 στεφάνοισι,
614 2711 711 2786 χοαῖς,
744 2704 917 2785 δακρύοις
946 2726 975 2764 τε
1002 2702 1052 2764 καὶ
1081 2697 1183 2788 ᾠδαῖς,
1210 2726 1239 2765 ιι.
1265 2708 1343 2782 643,
1369 2708 1387 2765 6

208 2805 288 2877 τεύξε
315 2808 434 2885 λυγροῖς
464 2802 667 2886 [δακρύ]οις
691 2801 858 2882 [μνήματα
881 2800 1091 2884 μυρόμενο[ς],
1119 2824 1147 2862 ιι.
1168 2805 1279 2881 722,4
1305 2799 1388 2862 ἀντί-

207 2923 301 2962 τυπον
329 2901 426 2981 ρεύσει
452 2908 514 2975 τοῖς
542 2902 714 2983 δακρύοις
741 2900 851 2982 χάριτα.
881 2934 922 2943 -
950 2902 1041 2978 Apud
1069 2901 1234 2960 Homerum
1265 2901 1389 2979 quidem

208 2994 275 3081 (Od.
303 3004 352 3077 18,
378 2998 454 3079 173)
487 3003 566 3061 inter
598 3001 753 3082 δακρύοισι
784 3003 816 3059 et
844 2999 968 3081 δάκρυσι
999 2998 1070 3058 libri
1093 2999 1256 3078 fluctuant5
1280 2999 1387 3076 itaque

208 3099 243 3158 A.
276 3100 432 3158 Nauckius
466 3094 554 3176 (post
592 3101 783 3177 Spitznerum
821 3093 875 3158 ‘de
908 3117 997 3157 versu
1030 3095 1213 3157 Graecorum
1246 3090 1388 3157 heroico'

207 3217 235 3272 p.
258 3191 335 3275 188)
360 3199 456 3256 altera
484 3199 633 3274 scriptura
661 3199 749 3257 nixus
777 3197 920 3276 δάκρυσσι
949 3196 1081 3272 scripsit;
1111 3198 1245 3254 attamen
1273 3196 1386 3274 gemel·

208 3295 268 3351 lam
293 3295 510 3371 correptionem
538 3296 687 3355 Homerus
712 3295 765 3355 Od.
787 3299 840 3371 19,
862 3297 922 3352 122
948 3294 1096 3353 admittit:
1127 3301 1171 3376 φῇ
1195 3289 1227 3352 δὲ
1251 3291 1387 3374 δακρυ-

207 3390 335 3451 πλώειν
363 3391 528 3472 βεβαρηότα
551 3415 586 3471 με
609 3391 719 3474 φρένας
743 3392 828 3476 οἴνῳ,
856 3411 910 3451 nec
938 3393 1016 3463 male
1044 3392 1206 3450 lectionem
1228 3392 1387 3468 volgatam

206 3491 334 3568 Moschi,
366 3491 489 3550 Maximi
521 3491 682 3569 Rufinique
715 3492 900 3551 imitationes
929 3493 1062 3550 tuentur.
1100 3489 1281 3566 Apollonius
1311 3509 1385 3551 vero

207 3588 279 3664 quin
312 3588 350 3647 ad
377 3589 501 3649 Homeri
531 3591 702 3666 exemplum
728 3589 840 3667 Argon.
867 3589 914 3647 III
934 3590 996 3649 805
1022 3606 1125 3648 vocem
1150 3586 1324 3667 δακρύοισιν
1352 3587 1385 3646 in

206 3687 330 3744 secundi
360 3689 444 3762 pedis
476 3689 555 3747 thesi
588 3689 736 3765 syllabam
770 3687 808 3746 δα
840 3687 988 3763 corripere
1020 3704 1128 3762 passus
1161 3685 1215 3762 sit,
1244 3685 1386 3763 equidem

206 3804 265 3843 non
293 3784 414 3862 dubito,
442 3786 521 3844 unde
548 3785 581 3844 G.
611 3786 775 3844 Hermanni
803 3785 1006 3844 coniecturam
1036 3777 1088 3864 (ad
1112 3781 1231 3859 Orphic.
1254 3803 1281 3859 p.
1305 3776 1384 3864 759)

207 3880 356 3960 δάκρυσσι,
381 3902 399 3940 a
424 3883 579 3959 Spitznero
600 3902 625 3942 ο.
645 3885 664 3941 l.
683 3904 712 3959 p.
735 3885 796 3942 102
816 3882 982 3959 probatam,
1005 3901 1059 3958 pro
1079 3881 1249 3940 reiectanea
1271 3881 1386 3960 hab003

206 3999 302 4057 neque
336 3981 425 4039 aliter
457 3981 493 4042 de
525 3980 637 4056 Orphei
669 3982 735 4039 leco
765 3979 845 4038 Lith.
875 3983 936 4040 285
966 3970 1073 4060 (Abel)
1103 3976 1154 4038 καὶ
1185 3978 1288 4049 πίτυος
1322 3978 1385 4038 δα-

205 4072 354 4158 κρύοισι
369 4077 458 4138 λίθου
474 4076 561 4156 μένος
577 4074 717 4154 ὀψιαυοῖο
733 4080 838 4157 sentio,
853 4080 908 4159 'ubi
926 4079 1005 4138 idem
1023 4077 1212 4136 Hermannus
1228 4077 1385 4138 verissima

204 4177 372 4254 Musgravii
396 4180 427 4236 et
451 4176 612 4254 Tyrwhitti
636 4177 845 4237 emendatione
865 4175 1020 4257 δακρύοισι
1039 4178 1140 4252 spreta
1159 4175 1306 4234 librorum
1321 4195 1383 4235 me-

207 4276 334 4334 moriam
358 4274 482 4355 δάκρυσι
504 4276 535 4334 in
560 4272 703 4355 δάκρυσσι
724 4277 863 4337 mutavit.
884 4309 920 4320 —
941 4277 1006 4334 Iam
1026 4275 1187 4336 videndum
1209 4275 1244 4334 de
1270 4272 1383 4345 Quinto
