3008 4958
662 254 852 319 -3-

166 432 267 479 tamen
281 400 405 480 tantum¹
418 419 512 496 abest,
531 424 566 479 ut
585 421 693 479 codicis
711 420 841 479 Palatini
856 418 1039 491 memoriam,
1060 441 1138 498 quae
1160 420 1347 499 epigramma

169 520 207 576 ad
231 520 421 595 Meleagrum
445 519 740 592 auctorem'referat,
764 537 819 594 pro
838 521 906 576 rata
926 521 1018 595 atque
1037 519 1123 577 firma
1145 520 1287 597 habeam,
1312 524 1347 580 ut

170 617 320 676 distichon
343 617 420 674 illud
444 608 494 696 (A.
514 615 545 673 P.
565 616 608 674 XI
628 608 707 696 223)
726 619 816 690 poeta
834 619 938 675 nostro
957 635 1080 692 prorsus
1105 617 1263 694 indignum
1282 637 1346 677 esee

169 714 353 774 confidenter
378 715 514 772 iudicem.
561 714 711 791 Equidem
739 733 843 774 versus
873 715 1035 790 Antipatro
1060 708 1347 796 (Thessalonicensi)

168 813 342 887 t-ribuerim3
372 812 425 870 elii
448 813 575 871 fortasse
600 813 752 870 Ammiani
770 813 819 872 vel
843 812 985 870 Nicarchi
1005 813 1101 872 fetum
1124 814 1315 890 adgnoscent.
1338 892 1340 895 ι

169 908 241 987 εμὸν
255 911 283 983 ‚P
301 905 312 984 ]]
330 907 406 982 ὠναξ
429 911 454 968 Ρ
472 907 481 986 ]]
502 905 521 968 2
543 910 578 970 od
598 907 754 986 φθονέων]
776 931 810 969 ex
830 911 889 969 MV
909 911 1035 970 correxi:
1061 908 1097 969 οὐ
1117 908 1240 987 φθονέω
1259 904 1342 991 (cum

170 1009 308 1067 semicolo
332 1011 401 1084 post
423 1001 565 1089 τηλόθεν)
588 1008 612 1065 Ρ
635 1011 666 1066 et
689 1010 779 1087 volgo
797 1004 808 1087 ]]
831 1002 852 1067 3
876 1007 942 1092 βίη]
966 1008 1018 1086 βίη
1043 1008 1118 1085 MV3
1147 1009 1240 1067 etiam
1267 1009 1300 1066 in
1322 1009 1345 1068 P

167 1106 295 1184 signum,
315 1106 395 1183 quod
414 1110 483 1183 post
502 1130 521 1184 η
546 1110 643 1181 extat,
667 1107 769 1182 potius
792 1126 847 1182 pro
867 1110 1015 1165 commate
1039 1107 1089 1167 vel
1106 1110 1229 1183 puncto,
1254 1125 1344 1184 qnam

166 1225 220 1280 pro
244 1206 348 1265 littera
367 1227 378 1263 ι
396 1205 568 1263 habendum
585 1199 596 1282 ]]
614 1198 760 1280 ἀποίσεαι]
781 1208 862 1264 recte
882 1205 948 1262 MV
968 1204 1118 1282 exhibent,
1137 1224 1235 1281 neque
1255 1205 1345 1264 aliter

167 1303 335 1376 Salmasius(
364 1304 395 1361 in
427 1303 562 1380 margine
596 1302 764 1379 apographi
791 1301 947 1361 Guietiani
979 1306 1162 1362 correxerat:
1195 1299 1344 1364 ἀποίσεται

166 1396 218 1479 Ρ]
237 1393 347 1478 οὐκέτ’]
378 1399 434 1460 οὐκ
457 1393 497 1458 ἔτ’
528 1400 561 1477 P,
585 1391 683 1459 οὔποτ’
709 1400 740 1457 Μ
757 1396 767 1477 ]]
786 1395 913 1472 ἀνΐντῶς
937 1392 1009 1480 (εἰσ)
1033 1401 1064 1457 M
1086 1396 1096 1476 ]]
1119 1393 1141 1458 4
1165 1397 1271 1477 ἀπίτω]
1295 1401 1346 1462 καὶ

167 1495 260 1558 ἀπίτω
280 1500 307 1556 V
325 1495 335 1575 ]]
353 1496 403 1556 καί
425 1495 457 1557 τὸ
481 1494 582 1576 βιοῦν]
608 1500 688 1556 recte
713 1498 743 1555 in
762 1498 825 1555 MV
849 1499 977 1576 legitur:
1002 1495 1051 1557 καί
1070 1499 1158 1576 βιοῦν
1181 1499 1214 1575 P,
1237 1499 1290 1558 ubi
1312 1498 1344 1560 τὸ

167 1598 247 1654 inter
276 1594 326 1655 καὶ
354 1599 385 1655 et
413 1596 501 1673 βιοῦν
525 1595 725 1672 supplendum
754 1615 817 1654 esse
852 1596 1023 1666 Salmasius⁸
1044 1597 1198 1673 perspexit
1215 1583 1344 1675 uptote]

169 1695 205 1751 de
228 1694 299 1771 βιᾶν
322 1713 481 1769 perperam
505 1693 535 1752 Ο.
555 1694 591 1752 Α,
610 1694 747 1753 Klotzius
772 1695 810 1751 ad
834 1695 999 1770 Tyrtaeum
1023 1685 1140 1775 (1767)
1164 1715 1193 1770 p.
1215 1697 1277 1754 115
1298 1713 1345 1755 co·

168 1792 327 1868 gitaverat.
359 1790 527 1850 Genuinam
546 1792 605 1850 loci
625 1794 805 1851 sententiam
820 1792 963 1850 Duebner
982 1794 1028 1850 est
1047 1792 1344 1870 adsecutus31acob-

167 1890 245 1948 sium
278 1891 368 1949 Anth.
398 1889 446 1948 Gr.
475 1891 533 1949 vol.
565 1891 608 1948 XI
635 1912 662 1967 p.
689 1894 751 1950 287
785 1910 927 1967 perversa
960 1890 1101 1948 Salmasii
1130 1890 1343 1967 interpretatio

166 1992 370 2048 transversum
395 1988 458 2065 egit
476 1984 485 2064 ]]
503 1985 551 2047 ἐπὶ
576 1987 644 2063 σοῦ]
670 1986 718 2047 ἐπὶ
741 1986 788 2048 σοί
810 1989 849 2065 M,
872 1986 923 2048 ἕπί
945 2003 991 2046 σοι
1014 1988 1050 2046 V.
1077 2019 1114 2030 -

627 2282 880 2366 inurant.

255 2440 299 2501 Εί
323 2441 405 2512 Ζεὺς
427 2446 537 2512 κεῖνος
561 2434 604 2500 ἔτ’
632 2439 732 2515 ἔστιν,
757 2437 775 2501 ὁ
798 2435 853 2501 καὶ
877 2437 1092 2519 Γανυμήδεος
1115 2436 1222 2520 ἀκμὴν

299 2544 456 2628 ἁρπάξας,
480 2541 523 2606 ἵν’
552 2546 607 2628 ἔχη
632 2543 790 2627 νέκταρος
815 2545 981 2627 οἰνοχόον,

254 2651 361 2734 κημὸν
383 2653 442 2716 τὸν
465 2653 568 2716 καλόν
592 2650 682 2715 ἐστιν
707 2648 756 2714 ἐνὶ
780 2652 1000 2734 σπλάγχνοισι
1027 2653 1183 2715 Μυΐσιιου

298 2759 467 2841 κρύπτειν,
492 2761 536 2842 μή
560 2783 599 2841 με
623 2759 711 2842 adop
736 2755 832 2822 παιδί
855 2758 968 2841 βαλὼν
991 2757 1163 2841 πτέρυγος.

600 2976 763 3032 Adnotatio
784 2976 907 3031 critica:

254 3096 288 3149 A.
307 3091 339 3149 P.
359 3091 418 3150 XII
438 3093 488 3167 65,
512 3091 565 3149 ubi
589 3091 613 3148 B
637 3091 802 3168 genuinum
824 3093 934 3148 lemma
958 3088 1078 3170 μελεάχρ
1104 3089 1277 3169 adscripsit

257 3182 273 3246 l
299 3180 339 3248 ἔτ’
356 3189 387 3247 Μ
404 3184 414 3267 ]]
433 3186 524 3264 ἔστιν]
546 3188 663 3265 scripsi:
683 3185 761 3248 ἐστίν
776 3189 866 3267 volgo
882 3185 891 3239 ί
896 3186 974 3247 ἔστιν
993 3188 1025 3264 P,
1045 3186 1104 3248 ἔστι
1118 3183 1196 3269 MV)
1215 3187 1225 3267 ]]
1243 3186 1336 3267 ὁκαὶ]

164 3283 180 3345 ὁ
195 3284 232 3363 ὃν]
247 3288 362 3346 frustra
375 3287 546 3346 Brunokius
561 3287 722 3364 flagitabat
739 3281 749 3365 ]]
767 3283 856 3364 ἔστιν,
876 3282 891 3345 ὁ
906 3284 968 3362 καί]
984 3279 1061 3364 ἔσθ’,
1077 3283 1092 3345 ὁ
1107 3286 1197 3345 πάλαι
1211 3288 1337 3347 schedae

164 3385 451 3463 Thryllitzschianae
480 3388 511 3444 in
535 3386 669 3462 margine
693 3389 879 3463 proponunt,
908 3405 999 3462 quam
1027 3386 1230 3444 coniecturam
1253 3387 1281 3444 J.
1306 3385 1340 3449 G.

163 3484 325 3543 Schneider
340 3484 433 3542 Peric.
448 3483 520 3544 crit.
535 3485 567 3542 iu
582 3484 703 3543 Anthol.
726 3482 774 3541 Gr.
790 3475 908 3563 (1772)
927 3504 955 3558 p.
972 3486 1034 3541 112
1049 3483 1191 3559 probavit
1209 3479 1219 3559 ]]
1239 3476 1258 3540 2
1275 3480 1338 3566 ἔχη]

163 3579 212 3661 ἔχη
233 3582 266 3660 Ρ,
290 3580 345 3661 ἔχει
364 3583 403 3658 M,
428 3579 487 3660 ἔχοι
501 3586 613 3641 temere
627 3581 799 3639 Bruuchius
817 3582 984 3657 reponebat
1001 3575 1012 3658 ]]
1030 3574 1051 3639 3
1067 3577 1164 3657 κημὸν
1183 3577 1235 3639 τὸν
1249 3579 1340 3640 καλόν

162 3677 253 3755 ἐστιν]
270 3681 390 3756 scripsi:
406 3702 496 3759 νημαι
510 3702 561 3740 τον
575 3678 666 3738 ιιαλόν
681 3676 740 3737 ἔστι
748 3679 781 3755 P,
795 3675 885 3756 κίημοὶ
900 3677 951 3738 τὸν
965 3675 1055 3737 καλόν
1070 3675 1148 3737 ἐστιν
1159 3678 1186 3734 V
1196 3682 1226 3736 et
1240 3681 1339 3755 volgo,

162 3775 242 3854 τιν’]μι]
256 3776 308 3837 τὸν
322 3776 413 3837 καλόν
427 3775 506 3837 ἐστιν
520 3779 565 3854 M3
580 3781 683 3838 nostra
698 3776 905 3835 emendatione
920 3780 1041 3853 recepta
1056 3776 1247 3833 vertendum:
1264 3769 1339 3832 ‘iam

162 3894 262 3932 meum
290 3879 336 3935 eet
363 3869 541 3956 (officium)’
575 3878 611 3935 cf.
640 3876 803 3952 Sophocles
831 3875 941 3933 Electr.
969 3877 1053 3934 1410
1081 3870 1136 3931 οὐκ
1164 3869 1235 3949 ἐμὸν
1264 3865 1338 3949 τόδ’,

52 3994 55 3999 ·
162 3969 234 4030 ἀλλά
262 3970 330 4048 σόν,
359 3971 392 4031 O.
412 3972 442 4031 C.
469 3978 530 4033 197
556 3974 659 4053 πάτερ,
689 3970 760 4050 ἐμὸν
789 3965 864 4050 τόδ’,
893 3972 1054 4047 Euripides
1082 3972 1145 4029 Ion.
1172 3974 1257 4031 1020
1286 3968 1338 4029 σὸν

161 4066 265 4148 λέγειν,
284 4072 393 4146 τολμᾶν
418 4062 446 4127 d’
467 4069 549 4148 ἐμόν,
572 4073 659 4130 Plato
679 4072 749 4148 Leg.
769 4071 800 4130 II
818 4092 846 4147 p.
868 4070 965 4129 664ss
985 4067 1016 4128 τὸ
1036 4066 1106 4147 μετὰ
1125 4077 1211 4128 τοῦτο
1235 4069 1339 4129 τοίνυν

161 4165 232 4246 ἐμὸν
255 4163 294 4224 ἀν
322 4165 368 4242 εἴη
396 4163 499 4244 λέγειν,
521 4169 580 4227 VII
598 4191 626 4245 p.
647 4170 750 4229 8061)
770 4167 882 4229 οὐκοῦν
900 4164 935 4226 τά
955 4165 1025 4244 μετὰ
1044 4175 1134 4226 ταῦτα
1157 4163 1215 4243 ἤδη
1235 4166 1338 4246 σχεδὸν

160 4262 232 4343 ἐμὸν
247 4267 407 4343 πειρᾶσθαι
421 4263 557 4343 podiam
574 4261 684 4339 [Alcib.
699 4267 714 4325 Ι
727 4288 756 4343 p.
769 4267 861 4327 lOdB
872 4263 909 4325 od
919 4263 974 4343 γάρ
986 4261 1046 4323 ἐστι
1056 4272 1191 4324 τοιοῦτον
1200 4263 1231 4324 τὸ
1242 4263 1338 4344 ἐμὸν]

161 4362 324 4421 Menander
347 4363 383 4421 fr.
404 4365 467 4421 674
492 4356 606 4447 (Koch)
630 4360 685 4421 οὐκ
708 4360 779 4441 ἐμὸν
803 4361 933 4442 ἀνοίγειν
953 4361 1165 4421 λανθάνουσαν
1190 4358 1335 4444 ἀτυχίαν]

1089 4462 1124 4512 1*
