3008 4958
676 290 718 298 -
764 256 807 315 {ul
862 291 891 299 --

196 414 313 497 virgine
344 439 381 478 an
414 418 568 477 meritorio
601 423 699 478 scorto
733 419 794 477 frui
825 421 944 497 mallet,
977 422 1092 479 castam
1123 421 1257 495 puellam
1286 415 1377 494 eligit

196 518 342 576 iudicium
370 536 457 576 suum
486 517 567 576 hisee
597 516 696 578 verbis
725 518 900 594 explanans:
929 514 1044 597 οὐγὰρ
1072 513 1172 597 ἕτοιμα
1192 509 1197 599 1
1217 516 1377 595 βούλομαι,

196 613 268 674 ἀλλὰ
290 620 379 675 ποθῶ
402 624 462 674 πᾶν
481 613 512 674 τὸ
536 613 761 692 φυλασσόμενον
785 608 835 697 (A.
849 617 881 677 P.
902 616 960 674 XII
981 619 1053 693 173,
1073 611 1165 694 5sq.),
1190 635 1281 693 quam
1305 633 1376 673 sen-

196 714 323 773 tentiam
352 714 510 773 Kaibelius
543 715 581 772 ad
619 714 781 773 Philodem.
812 736 840 792 p.
865 715 940 775 VIII
974 714 1112 792 pluribus
1144 716 1297 775 inlustrat.
1333 745 1372 783 ·.·

197 812 338 872 Ceterum
365 817 468 873 nostro
497 813 562 872 loco
593 813 685 871 etiam
712 814 849 893 σοβαρῶν
879 814 924 873 ita
952 814 1096 890 explicari
1123 832 1225 890 posse,
1253 816 1289 871 ut
1316 832 1376 872 vox

196 907 295 990 ἑταίρα
319 911 383 972 sive
406 909 503 991 πόρνη
527 911 666 987 ellipseos
689 912 806 971 ratione
831 913 941 972 omissa
963 930 1027 971 esse
1047 916 1210 990 statuatur,
1234 911 1376 988 equidem

196 1027 258 1068 non
285 1030 362 1088 nego
392 1011 428 1068 cf.
453 1009 608 1069 Lamberti
635 1009 720 1068 Bosii
747 1010 878 1086 Ellipses
906 1009 1038 1069 Graecae
1066 1032 1095 1087 p.
1122 1014 1193 1072 101.
1219 1013 1283 1070 250
1312 1002 1374 1092 (ed.

199 1100 370 1189 Schaefer)3
399 1109 494 1168 nihilo
518 1109 614 1167 secius
639 1111 741 1167 tamen
764 1108 910 1169 librorum
937 1109 1113 1168 memoriam
1135 1110 1167 1168 in
1189 1109 1297 1168 mondo
1322 1126 1375 1167 ou-

197 1206 269 1266 bare
292 1204 471 1284 persuasum
489 1206 601 1281 habeo,
625 1225 693 1265 cum
716 1225 813 1283 neque
838 1203 857 1284 ἡ
881 1205 1044 1287 σοβαρότης
1073 1208 1165 1267 scorti
1192 1207 1309 1284 insigne
1335 1207 1376 1266 sit

197 1306 353 1382 proprium
372 1309 464 1382 atque
483 1306 644 1382 peculiare,
664 1308 694 1364 et
713 1324 731 1363 a
749 1304 858 1364 Rufino
877 1306 944 1382 ipso
963 1327 989 1366 v.
1007 1309 1025 1364 2
1042 1325 1106 1384 sqq.
1126 1310 1246 1382 praeter
1259 1305 1376 1363 fastum

196 1405 372 1478 protervum
401 1404 493 1462 etiam
522 1404 599 1462 aliae
627 1403 764 1462 notiones
792 1407 976 1480 premantur.
1024 1404 1180 1480 Optimum
1206 1422 1277 1464 vero
1308 1421 1375 1461 sen·

198 1518 264 1558 sum
283 1500 420 1581 σοβάδων
438 1505 587 1578 praestat:
611 1499 742 1579 σοβάδας
761 1499 815 1581 γὰρ
839 1498 890 1572 τὰς
912 1500 1025 1581 πόρνας
1048 1498 1183 1582 λέγουσιν
1212 1501 1377 1560 secundum

199 1598 398 1657 Scholiastam
423 1600 461 1658 ad
485 1599 679 1675 Aristophan.
703 1599 770 1657 Pac.
797 1602 874 1676 812,
903 1600 956 1677 qui
982 1600 1142 1676 Eupolidis
1170 1600 1377 1677 fragmentum

198 1688 286 1775 (344.
311 1698 391 1773 apud
414 1691 578 1778 Kockium)
603 1694 682 1777 παρὰ
705 1694 805 1782 ιμδεδὶ
825 1696 862 1756 σὺ
880 1705 915 1781 τῇ
931 1696 1045 1779 Χσοβοίὸι
1063 1697 1230 1777 καιρμάγον
1255 1697 1380 1774 adlegat

197 1795 234 1853 cf.
258 1795 382 1872 insuper
409 1796 535 1856 Photius
565 1800 596 1856 et
625 1796 734 1855 Suidas
758 1814 780 1854 s
803 1817 830 1856 v.
860 1794 999 1875 σοβάδες,
1029 1799 1096 1855 tum
1125 1797 1261 1872 exempla
1288 1814 1304 1853 e
1329 1812 1378 1853 se-

198 1893 312 1969 quioris
332 1895 443 1954 aetatis
463 1894 660 1970 scriptoribus
674 1894 705 1951 in
721 1895 875 1953 Thesauro
889 1894 1053 1953 Didotiano
1068 1896 1127 1955 vol.
1143 1894 1202 1952 VlI
1220 1915 1249 1970 p.
1266 1893 1331 1953 504
1348 1894 1375 1950 A

198 1991 337 2066 adposita
359 1987 369 2069 Η
391 1988 456 2067 τὰς]
480 1991 523 2063 τίς
547 1993 578 2051 Μ
600 1991 610 2069 ΙΙ
633 1989 843 2071 ἕνλεμόμεσθα]
869 1992 900 2050 in
924 1992 947 2048 P
971 2011 1034 2067 pro
1054 1989 1258 2072 ἕαλεμώμεσθα
1281 1989 1304 2048 C
1327 2009 1377 2048 re-

196 2089 314 2165 posuit,
342 2087 521 2169 ἔκλεγόμιθα
544 2090 608 2149 MV
631 2088 734 2148 Amhr.
756 2084 767 2167 ΙΙ
790 2082 810 2146 2
836 2093 896 2159 τοῖς
925 2091 1080 2148 concolor
1102 2086 1256 2166 ute'ppucr,
1271 2083 1377 2146 πειθό-

198 2186 294 2264 μενοι]
311 2207 379 2247 cum
393 2188 457 2246 MV
473 2189 587 2265 scripsi,
605 2189 664 2248 nisi
683 2188 763 2264 quod
781 2188 892 2246 ibidem
911 2185 1066 2246 σπατάλων
1084 2187 1199 2263 legitur
1217 2187 1254 2244 cf.
1273 2188 1378 2244 tamen

197 2284 366 2344 Lobeckius
385 2287 687 2364 Pathol.·Prolegom.
711 2307 739 2362 p.
757 2289 833 2346 104:
857 2290 919 2356 τοῖς
933 2283 1090 2355 σπαιάλοις
1107 2282 1251 2364 κλέμμασι
1273 2283 1377 2363 τερπό-

198 2405 282 2463 μενοι
304 2386 329 2443 Ρ
351 2386 440 2444 Laur.
464 2385 533 2444 Vat.
557 2385 659 2445 Ambr.
685 2388 715 2443 et
738 2384 828 2461 volgo
853 2377 897 2460 (in
920 2382 944 2440 P
968 2383 1048 2441 inter
1070 2386 1131 2454 τοῖς
1162 2386 1193 2442 et
1216 2384 1375 2459 σπαιάλοις

196 2482 287 2541 unius
315 2483 436 2541 litterae
469 2501 572 2540 erasae
600 2482 730 2560 vestigia
757 2484 886 2556 restant,
915 2499 950 2539 ac
979 2481 1192 2557 praeteream
1216 2483 1376 2557 σπαιάλοις

198 2581 282 2656 prius
306 2597 324 2640 σ
346 2581 541 2658 praescripsit
564 2579 595 2656 C,
620 2580 673 2656 qui
697 2572 789 2639 etiam
813 2582 969 2639 accentum
989 2579 1213 2638 circumflexum
1232 2599 1324 2657 supra
1346 2605 1377 2643 οι
1471 2637 1473 2640 .

199 2678 336 2738 additum
360 2680 452 2738 erasit
475 2683 505 2738 et
524 2701 542 2737 α
562 2681 651 2737 acuto
671 2672 841 2757 instruxit);
865 2682 926 2748 τοῖς
945 2677 1095 2754 σπατάλης
1112 2674 1256 2756 αλέμμασι
1274 2678 1377 2762 τεριιό-

199 2797 284 2852 μενοι
310 2776 341 2833 in
365 2776 481 2835 schedis
510 2775 788 2852 Thryllitzsohianis
817 2777 972 2835 conicitur.
998 2808 1041 2816 —
1071 2776 1228 2853 Scriptura
1250 2780 1377 2857 volgata

200 2878 231 2932 et
254 2877 422 2933 contortam
446 2873 728 2951 interpretationem
753 2874 854 2952 efficit,
878 2894 946 2934 cum
965 2875 1058 2935 verba
1081 2872 1116 2934 τὰ
1139 2874 1270 2936 onducto
1292 2873 1377 2957 κλέμ-

199 2994 275 3050 μαια
299 2972 335 3031 de
363 2973 453 3031 furtis
476 2972 625 3050 venereis,
656 2992 734 3049 quae
762 2974 885 3050 quidem
912 2973 944 3032 in
968 2973 1113 3033 matronis
1137 2973 1274 3050 superbis
1300 2970 1377 3053 (ταῖς

198 3063 355 3150 σοβαροῖς)
378 3090 488 3149 magno
513 3074 637 3148 sumptu
660 3075 806 3147 constent,
829 3067 968 3149 intellegi
991 3070 1128 3149 debeant,
1153 3075 1183 3131 et
1205 3072 1374 3150 languidis-

198 3169 304 3228 simam
335 3169 516 3228 sententiam
544 3170 686 3232 involvit:
721 3166 798 3229 ‘nos
829 3170 890 3246 qui
922 3169 1124 3228 luxuriosis
1157 3161 1271 3229 furtis
1305 3191 1376 3231 non

198 3267 428 3325 delectamur
465 3286 590 3328 servas
626 3269 752 3344 potius
790 3287 895 3344 quam
931 3268 1112 3345 superbas
1150 3263 1376 3349 (matronas)

198 3358 403 3442 eligimus'3
431 3367 534 3422 noster
563 3384 634 3424 vero
662 3368 764 3424 textus
793 3368 824 3424 et
852 3366 1033 3424 sententiam
1062 3366 1247 3425 commodam
1276 3368 1378 3427 reddit

200 3456 293 3540 (‘qui
326 3461 446 3536 decipi
479 3480 542 3521 nos
581 3481 648 3520 non
685 3462 845 3538 patimur
881 3465 1108 3522 fastosarum
1144 3465 1377 3524 meretricum

200 3560 398 3619 fraudibus
422 3578 546 3620 servas
569 3561 705 3637 potius,
735 3580 840 3638 quam
868 3563 944 3621 ista
967 3564 1091 3620 scorta
1115 3556 1322 3652 eligimus')
1346 3555 1402 3625 et‘

199 3659 370 3735 expeditam
393 3658 573 3735 facilemque
596 3660 818 3719 enarrationem
837 3660 983 3719 admittit:
1008 3659 1124 3718 scilicet
1142 3679 1246 3721 vocem
1264 3658 1378 3740 κλέμμα

198 3757 371 3834 saepissime
400 3756 436 3814 de
464 3757 571 3815 fraude
600 3775 633 3815 ac
662 3757 730 3817 dolo
754 3762 932 3835 usurpatam
959 3758 1091 3834 reperies
1120 3758 1156 3816 cf.
1186 3759 1378 3836 Thucydides

197 3855 225 3913 V
237 3858 264 3932 9,
277 3857 305 3932 5,
325 3854 542 3913 Demosthenes
553 3854 600 3915 Or.
617 3855 721 3914 XVIII
733 3858 771 3914 31
784 3878 812 3933 p.
826 3859 898 3932 236,
915 3856 985 3933 2R,
1004 3856 1168 3915 Aeschines
1184 3856 1232 3916 Or.
1248 3857 1296 3916 III
1313 3861 1378 3919 100

199 3958 230 4014 et
250 3958 308 4015 101
322 3974 349 4031 p.
362 3955 413 4028 68,
432 3956 459 4011 1.
482 3956 521 4012 10
534 3953 644 4029 Steph,
660 3955 841 4014 Plutarchus
856 3955 960 4013 Moral.
974 3975 1003 4030 p.
1025 3957 1064 4013 63
1080 3954 1107 4012 D
1128 3958 1159 4013 et
1177 3957 1241 4014 320
1255 3956 1295 4032 E:
1310 3959 1379 4016 tum

198 4057 367 4112 scortorum
388 4045 460 4130 (τῶν
479 4044 630 4131 copulae)
649 4053 733 4111 notio
753 4053 887 4129 epitheto
903 4049 1047 4122 σπαταλὸς
1062 4053 1218 4129 aptissime
1232 4053 1380 4114 inlustra-

197 4155 248 4210 tur
272 4152 307 4210 cf.
328 4150 455 4208 Rufinus
474 4149 509 4208 A.
529 4150 561 4207 P.
580 4150 608 4206 V
629 4152 679 4224 27,
696 4153 713 4209 6
738 4158 830 4209 ταῦτα
852 4147 888 4208 ιὰ
907 4158 966 4208 τῶν
986 4152 1140 4209 σπαταλῶν
1159 4146 1285 4230 τέρματα
1303 4155 1379 4211 σιαλ-

199 4248 327 4308 tantem
358 4251 389 4307 et
412 4248 508 4307 Varro
533 4248 595 4306 Sat.
619 4247 751 4323 Menipp.
773 4268 801 4323 p.
824 4251 938 4320 164,5
967 4240 1084 4329 (Riese)
1114 4242 1273 4324 ‘spatale
1302 4251 1379 4311 evi·

198 4348 296 4415 ravit
324 4349 445 4405 omnes
472 4348 605 4424 pueros
632 4341 872 4424 ventrivaga'
902 4348 937 4406 el.
962 4347 1112 4424 Agathiae
1140 4347 1206 4407 loco
1230 4346 1265 4407 A.
1291 4347 1326 4409 P.
1350 4349 1380 4405 V
