3008 4958
610 152 613 158 ¹
666 203 795 263 -1o
854 240 883 246 -

185 369 372 446 gemellaque
401 368 537 442 exempla
564 369 728 442 respexeris
757 369 793 426 cf.
817 367 966 426 Homerus
995 367 1029 426 Il.
1055 370 1106 445 17,
1127 370 1166 426 22
1192 363 1292 445 θυμὸς
1320 364 1370 427 ένί

101 523 105 530 ,
187 463 328 541 στήθεσσι
354 462 433 542 περὶ
463 460 589 524 σθένεϊ
615 466 820 545 βλεμεαίνει
848 456 943 545 (apud
967 485 1056 542 quem
1083 466 1208 542 reliquis
1230 466 1306 526 locis
1330 467 1367 526 Il.

187 566 215 640 8,
240 565 302 623 337
311 585 318 635 3
343 567 372 640 9,
397 565 474 640 2373
500 567 550 641 12,
575 566 631 638 42;
664 568 714 642 17,
740 565 818 639 1353
843 566 894 641 20,
919 566 958 623 36
988 564 1087 623 nudus
1115 565 1235 624 dativus
1260 560 1372 624 σθένεϊ·

185 681 221 721 ex
248 661 353 719 eadem
379 681 452 722 voce
480 653 618 741 pendet),
647 660 829 738 Apollonius
857 663 992 722 Rhodius
1020 663 1133 740 Argon.
1157 664 1204 722 ΙΠ
1224 665 1309 724 1258
1335 663 1371 722 αί

186 752 213 817 δ’
234 756 392 839 ἑκάτερθεν
413 756 417 840 )
438 765 529 840 χεῖρες
542 757 750 842 Ἰἐπερρώσαντο
768 758 848 841 περὶ
868 757 994 821 σθένεϊ
1010 758 1252 841 σφριγόωσαι,
1271 760 1366 830 Quin-

185 862 235 917 tus
256 856 439 936 Smyrnaeus
457 859 609 919 Posthom.
629 861 672 918 XI
688 862 751 921 386
774 856 941 941 ἀπειρέσιον
961 851 989 919 δ’
1010 855 1068 937 ἀρα
1086 862 1177 942 θυμῷ
1198 853 1203 936 Ι
1220 852 1367 939 Ἀτρεῖδαι

185 955 342 1036 κεχάροντο
355 956 550 1037 περὶ-σφίσι
564 956 794 1036 κυδιόωντες,
808 959 1013 1034 Apollinarius
1022 958 1209 1017 Laodicenus
1219 957 1365 1035 Paraphr.

184 1055 294 1114 Psalm.
323 1055 425 1114 XXIII
450 1059 489 1114 19
519 1052 670 1127 ἀθάνατος
700 1053 878 1135 μενέχαρμος
908 1053 954 1115 ἀεὶ
986 1054 1068 1135 περὶ
1100 1055 1224 1134 κάρτεϊ
1253 1056 1366 1136 γαίων

185 1145 253 1233 (ubi
271 1155 484 1230 paraphrastes
498 1153 682 1213 locutionem
701 1154 892 1213 Homericam
911 1153 996 1214 κύδεϊ
1011 1152 1105 1233 γαίων
1124 1150 1156 1212 in
1171 1173 1261 1213 usum
1275 1173 1367 1214 suum

187 1252 368 1312 convertisse
391 1251 545 1328 putandus
574 1255 620 1311 est
643 1253 681 1313 cf.
705 1253 741 1310 Il.
767 1258 794 1330 1,
819 1256 896 1329 4053
926 1256 956 1330 5,
977 1254 1055 1328 9063
1084 1255 1113 1329 8,
1138 1256 1194 1328 513
1225 1255 1273 1325 11,
1298 1252 1365 1332 81).

189 1381 226 1390 —
243 1333 307 1408 Nec
326 1350 425 1408 minus
445 1350 594 1408 soloecam
614 1350 795 1425 scripturam
808 1351 879 1408 libri
898 1351 980 1426 apud
994 1350 1132 1408 Tretzam
1145 1350 1306 1410 Antehom.
1323 1354 1366 1411 30

187 1448 329 1507 offerunt:
358 1446 454 1527 τόφρα
475 1446 532 1527 γάρ
555 1437 611 1507 οὗν
634 1444 785 1526 τέρποντο,
808 1441 888 1526 παρ’
918 1445 1046 1532 εἰρήνῃ
1075 1446 1368 1526 κομόωντες,1151

186 1538 258 1626 παρ’
289 1543 411 1625 εἰρήνην
436 1545 655 1623 quodammodo
680 1546 824 1622 explicari
852 1547 949 1623 possit
972 1537 1023 1626 (cf.
1042 1546 1194 1604 Maetzner
1217 1547 1255 1605 ad
1279 1546 1368 1606 Anti-

185 1644 289 1720 phont.
313 1662 341 1719 p.
364 1645 440 1714 182,
470 1642 579 1701 Weber
607 1643 645 1701 ad
668 1643 860 1703 Demosthen.
885 1643 934 1703 Or.
959 1643 1061 1702 XXIII
1086 1646 1148 1704 205
1179 1665 1207 1720 p.
1233 1647 1294 1704 521
1313 1663 1367 1722 sq,

185 1741 218 1801 F.
241 1741 386 1799 Krebsius
417 1741 464 1799 die
488 1741 718 1817 Prapositionen
748 1741 797 1799 bei
819 1740 964 1816 Polybius
993 1741 1025 1799 in
1047 1742 1085 1800 M.
1111 1742 1248 1801 Schanzii
1270 1742 1366 1803 BeItr.

186 1861 240 1899 zur
263 1841 367 1899 histor.
393 1839 508 1917 Syntax
534 1840 562 1897 d.
592 1840 702 1917 grieeh.
727 1839 857 1914 Sprache
881 1839 938 1898 vol.
962 1839 978 1896 Ι
1005 1873 1040 1881 -
1071 1842 1154 1900 1882
1188 1873 1225 1882 -
1251 1861 1279 1916 p.
1300 1833 1368 1923 57),

187 1939 239 1998 sed
262 1930 308 1997 ἐπ’
333 1935 437 2022 εἰρήνῃ
461 1938 592 2014 genuina
616 1938 737 1997 videtur
764 1956 827 1996 esse
851 1937 940 1996 lectio
965 1929 1017 2014 (cf.
1043 1941 1105 1998 229
1131 1936 1168 1998 οὐ
1194 1936 1250 2018 γὰρ
1274 1937 1369 2018 δηρὸν

147 2113 151 2118 s
186 2033 310 2116 ἔχαιρεν,
328 2028 374 2096 ἐπ’
396 2033 502 2120 ἀγλαΐῃ
525 2029 688 2116 κομόωσα),
711 2036 771 2094 nisi
792 2035 895 2111 potius
918 2027 982 2112 περ’
1003 2034 1106 2121 εἰρήνῃ
1127 2037 1247 2096 Tzetzes
1270 2037 1369 2097 dicere

141 2204 144 2211 J
189 2153 281 2193 ausus
305 2137 351 2192 est
374 2134 526 2192 Theocriti
549 2135 592 2192 Id.
617 2134 701 2192 XXV
725 2135 787 2192 242
813 2153 940 2193 memor:
967 2129 1031 2212 θήρ
1053 2129 1176 2212 ἀμοτος,
1195 2130 1312 2213 μακρήν
1337 2131 1370 2194 δὲ

189 2223 264 2310 περ’
285 2230 454 2315 ίγνάῃσιν
473 2227 546 2303 έλιξε
566 2232 571 2306 1
591 2227 708 2311 κέρκον,
727 2232 780 2290 ubi
799 2232 836 2290 cf.
857 2231 1121 2290 Pritzsche-Hiller
1139 2224 1185 2312 (et
1200 2233 1366 2292 Schneider

188 2329 227 2388 ad
259 2327 437 2387 Callimachi
466 2329 575 2406 Hymn.
599 2328 625 2385 V
653 2332 694 2389 90
722 2349 751 2404 p.
776 2320 864 2410 355).
916 2328 1015 2387 Aliter
1048 2330 1127 2388 enim
1159 2331 1367 2407 Xenophontis

187 2427 271 2485 locus
308 2425 469 2505 Hipparch.
508 2427 523 2484 Ι
552 2429 593 2485 26
631 2425 702 2497 τοὺς
739 2422 837 2504 μέντοι
876 2424 977 2507 κριτὰς
1007 2425 1160 2497 τοιούτους
1204 2426 1254 2486 δεϊ
1291 2424 1368 2506 εδρί·

188 2540 284 2600 σκειν,
316 2515 386 2602 παρ’
428 2516 473 2594 οἷς
513 2530 652 2595 νικῶντες
691 2516 809 2602 μάλιστ’
848 2521 886 2584 διν
923 2521 1095 2604 ἀγάλλοιντο
1132 2528 1179 2584 est
1215 2544 1368 2601 compara-

187 2626 251 2698 tus,
282 2622 431 2698 siquidem
453 2614 524 2700 παρ’
554 2615 599 2693 οἷς
627 2623 666 2680 ad
693 2630 847 2700 νικῶντες,
874 2642 934 2682 non
962 2623 1001 2681 ad
1028 2617 1199 2701 ἀγάλλοιντο
1226 2623 1370 2701 pertinet,

187 2738 242 2779 nec
274 2723 354 2779 recte
385 2719 418 2778 P.
452 2719 590 2796 Spitzner
623 2714 807 2798 (Observatt.
845 2721 939 2780 critIc.
977 2724 1008 2779 et
1040 2722 1155 2798 exeget.
1194 2721 1226 2779 in
1260 2721 1369 2799 Quinti

189 2818 345 2895 Smyrnaei
373 2817 598 2877 Posthomerica
625 2838 652 2894 p.
673 2812 752 2899 314)
782 2819 887 2889 Quinti
915 2837 1035 2879 versum
1062 2818 1137 2877 XIII
1157 2821 1221 2878 384
1250 2813 1368 2880 τοῦνεκ’

187 2907 237 2994 ἀρ’
267 2914 299 2975 oi
324 2909 377 2992 μέν
406 2909 508 2974 όλοντο
536 2913 592 2995 πρὸ
621 2915 743 2994 τείχεος,
772 2916 804 2976 οί
823 2908 853 2975 δ’
878 2913 936 2975 ἀνά
964 2912 1037 2975 ἀστυ
1063 2910 1067 2994 l
1094 2915 1267 2995 τερπόμενοι
1288 2916 1369 2999 παρὰ

189 3010 267 3073 δαιτὶ
289 3010 339 3072 καί
361 3008 505 3091 ήυκόμοις
529 3009 658 3092 ἀλόχοισι
686 3015 731 3073 Ita
754 3014 987 3092 interpretatur,
1015 3017 1051 3073 ut
1077 3015 1133 3076 viri
1156 3008 1298 3076 cecidisse
1322 3017 1368 3076 di-

188 3115 296 3171 cantur
319 3106 477 3169 ‘delectati
502 3112 599 3188 epulis
619 3114 650 3170 et
668 3112 830 3171 mulierum
849 3114 973 3188 pulchre
997 3116 1184 3172 cometarum
1208 3098 1368 3174 consuetu-

188 3201 282 3285 dine',
302 3227 371 3268 cum
389 3208 483 3285 locus,
504 3228 563 3284 quo
582 3209 640 3277 uiri
660 3210 707 3267 illi
722 3210 911 3286 voluptatem
928 3210 1127 3288 perceperint,
1145 3212 1368 3287 praepositione

188 3305 268 3385 παρὰ
299 3306 461 3381 indicetur,
495 3306 586 3365 sicuti
619 3307 711 3368 etiam
738 3307 810 3364 XIV
836 3311 876 3368 92
906 3304 945 3380 ὣς
974 3316 1032 3368 τῶν
1060 3307 1127 3388 πὰρ
1143 3307 1279 3386 ’νήεσσι
1302 3303 1367 3390 μέγ’

188 3401 295 3465 ἔνδοθι
317 3399 495 3482 γηθομένων
522 3411 578 3483 κήρ
603 3408 634 3463 et
656 3406 737 3480 apud
762 3404 904 3464 Nonnum
928 3407 1051 3484 Dionys.
1075 3408 1175 3465 XLIII
1199 3410 1262 3467 419
1288 3403 1328 3478 ὣς
1351 3403 1367 3466 δ

189 3497 243 3580 μὲν
264 3498 466 3580 ἀρτιχόρευτος
484 3498 656 3585 δποβρυχίω
674 3499 769 3582 παρὰ
787 3508 907 3586 παστῷ
928 3495 932 3585 )
952 3502 1063 3583 γήθεεν
1080 3498 1283 3585 Ἐννοσίγαιος
1301 3525 1368 3567 ver·

189 3600 324 3658 tendum:
347 3593 449 3657 ‘iuxta
467 3592 584 3676 naves',
604 3594 650 3658 ‘in
665 3594 816 3660 thalamo'
836 3602 873 3659 cf.
887 3601 1060 3678 Koechlyus
1080 3603 1119 3661 ad
1133 3601 1234 3672 Quint.
1250 3603 1367 3681 Smyrn.

189 3698 220 3756 Il
246 3700 309 3757 134
338 3700 368 3756 et
392 3697 434 3754 IV
456 3700 482 3756 6.
513 3730 554 3741 -
582 3699 648 3757 Iam
675 3699 827 3775 reliquum
856 3702 914 3776 est,
946 3703 983 3759 ut
1016 3701 1091 3759 alias
1122 3701 1267 3776 quasdam
1299 3720 1367 3760 con-

191 3795 374 3854 structiones
402 3797 511 3854 notatu
541 3795 646 3873 dignas
676 3796 860 3856 adscribam:
889 3793 956 3876 περὶ
980 3815 1048 3855 cum
1072 3798 1206 3875 genItivo
1229 3798 1368 3858 iunctum

191 3895 229 3952 ad
252 3892 404 3970 gaudendi
431 3893 586 3953 notionem
613 3895 746 3969 pertinet
776 3894 857 3970 apud
881 3894 1042 3970 Polybium
1064 3897 1147 3955 XXX
1172 3899 1200 3973 3,
1224 3882 1238 3955 1
1265 3896 1367 3978 διόπερ

191 3987 332 4062 εἰςελθὼν
360 3989 401 4061 εἰς
425 3988 479 4067 τήν
503 3991 667 4072 σύγκλητον
691 3989 707 4051 δ
730 3989 943 4071 προειρημένος
967 3992 1144 4073 συνεχάρη
1164 3990 1218 4073 μέν
1237 3992 1285 4054 έπί
1303 4003 1367 4068 τοϊς

190 4087 360 4169 γεγονόσιν,
387 4086 540 4168 καὶπερὶ
567 4098 627 4168 τῆς
651 4082 726 4149 καθ’
756 4086 847 4148 αὑτὸν
877 4086 1022 4161 εὐνοίας
1054 4088 1114 4150 καὶ
1142 4092 1368 4171 προθυμίας,

191 4188 405 4263 Apollonidam
428 4188 463 4245 A.
487 4187 519 4245 P.
544 4188 587 4245 IX
606 4189 714 4263 428,1
742 4184 910 4266 γήθησαν
933 4186 1012 4268 περί
1039 4186 1168 4259 παιδὸς
1189 4181 1367 4268 Ἀριστίπ-

191 4304 272 4346 ποιο
304 4293 426 4363 τοκῆες,
459 4285 605 4354 Quintum
632 4285 831 4361 Smyrnaeum
859 4285 1010 4345 Posthom.
1039 4287 1054 4344 I
1079 4289 1121 4346 90
1154 4281 1299 4347 δαίνυντ’
1333 4287 1367 4349 έν
