3008 4958
666 225 880 286 ...34ῃ

190 387 352 463 Dionysius
368 387 640 448 Halicarnassensis
660 389 810 466 Antiquit.
827 391 909 450 Rom.
929 391 998 448 XIV
1023 393 1071 446 10.
1098 422 1135 430 -
1162 388 1275 457 Quodsi
1295 389 1362 465 quis

188 489 291 544 nostro
315 488 381 545 loeo
404 487 493 544 metri
516 488 685 546 rationibus
717 488 824 545 ductus
852 484 995 558 δδακτίζει
1023 481 1087 569 (vel
1111 482 1273 565 όδακτάζει)
1298 506 1362 544 cor-

187 583 347 660 rigendum
370 603 433 643 esse
453 585 686 658 adseveraverit,
709 605 746 643 ne
770 587 822 644 ille
841 587 952 644 nodum
975 587 1005 643 in
1025 585 1122 660 scirpo
1142 588 1275 661 quaeret,
1295 603 1363 641 cuni

187 683 275 758 plane
313 681 417 740 eodem
455 683 543 740 modo
581 683 612 740 in
650 684 748 757 priore
786 684 968 759 pentametri
1001 682 1190 741 hemistichio
1224 683 1362 740 formam:

187 802 204 832 ι
220 826 236 833 -
252 801 268 832 -ι
283 825 300 832 -
315 801 332 831 ι
364 784 411 839 ter
433 784 591 856 praeterea
615 783 727 839 Paulus
751 781 935 839 adhibuerit:
963 780 998 839 A.
1019 780 1049 837 P.
1070 780 1098 835 V
1119 782 1191 856 258,
1212 782 1230 837 2
1255 778 1363 854 πάσης·

187 876 288 956 ίμείρω
308 871 336 936 δ’
357 874 451 954 ἀμφὶς
475 874 550 956 ἔχειν
569 878 727 954 παλάμαις,
747 881 819 954 278,
837 880 854 936 6
875 870 937 936 ἀλλ’
958 870 1020 936 οὔτ’
1042 874 1213 955 ἀνθρώπων
1232 877 1363 952 φείδεται

186 971 253 1034 obre
277 980 368 1050 θεῶν,
392 975 435 1032 VI
455 978 506 1051 75,
531 979 549 1033 8
574 976 720 1055 χρυσείαις
744 973 849 1048 πλέξας
873 975 985 1054 μείλιον
1009 970 1176 1051 ἀμφιδὲαις.
1199 1006 1236 1015 -
1258 976 1361 1032 Etiam
1380 1058 1381 1062 Ἰ
1470 992 1478 998 ·

186 1074 215 1130 111
246 1074 498 1150 epigrammatum
526 1075 705 1133 hexametris
734 1077 826 1151 poeta
851 1078 953 1133 noster
983 1077 1067 1132 extra
1096 1073 1257 1148 cancellos,
1287 1091 1362 1148 quos

187 1171 244 1228 sibi
272 1170 335 1245 ipse
363 1170 394 1228 in
418 1170 564 1246 Ecphrasi
590 1172 718 1249 Magnae
746 1172 898 1230 Ecclesiae
929 1175 959 1230 et
981 1170 1127 1230 Ambonis
1157 1169 1362 1243 circumdedit,

186 1286 254 1326 cum
278 1269 353 1327 duos
377 1269 523 1344 spondeos
547 1270 739 1329 continuatos
759 1271 878 1329 omnino
898 1288 957 1328 non
976 1269 1151 1327 admitteret
1172 1260 1263 1347 (falso
1283 1268 1362 1327 enim

185 1366 294 1442 Ecphr.
326 1367 471 1425 Ambonis
501 1370 562 1425 181
597 1362 680 1427 τόνδ’
713 1367 790 1427 ούτω
822 1365 878 1447 μάρ
915 1375 1009 1446 χῶρον
1046 1364 1196 1443 ἕφῆμισαυ
1229 1362 1361 1443 ἀμβατὸν

186 1463 285 1542 οἴμαις
316 1483 370 1540 pro
404 1461 488 1523 τόνδε
519 1463 574 1544 γὰρ
608 1464 684 1525 ούτω
702 1475 811 1544 ’χῶρον
839 1469 897 1525 κτλ.
930 1465 1096 1541 reponebat
1129 1464 1304 1539 Hilbergius
1333 1464 1359 1519 d.

185 1562 305 1638 Princip
330 1563 381 1620 der
401 1562 636 1640 Silbenwagung
658 1597 694 1605 —
718 1565 749 1621 in
769 1565 821 1622 der
844 1564 953 1640 grieoh.
975 1563 1079 1622 Poesie
1098 1584 1126 1639 p.
1147 1558 1233 1640 162),
1258 1560 1359 1637 egredi

187 1663 233 1718 est
256 1679 356 1732 ausus,
380 1661 485 1737 itaque
509 1664 614 1719 contra
637 1663 738 1723 Nonni
762 1681 909 1735 normam,
938 1661 991 1737 qui
1017 1661 1092 1718 duos
1121 1659 1267 1734 spondeos
1291 1677 1359 1716 con·

185 1759 287 1817 tinuos
315 1758 374 1816 nisi
402 1758 433 1815 in
461 1758 588 1834 pedibus
617 1760 712 1819 altero
741 1763 772 1818 et
799 1760 890 1818 tertio
915 1777 1024 1833 ponere
1048 1777 1107 1816 non
1132 1759 1223 1833 solet,
1248 1756 1358 1831 septies

185 1874 289 1915 versus
309 1857 428 1914 schema
447 1877 462 1907 ι
477 1900 490 1908 .
503 1877 520 1908 i
532 1902 548 1909 -
559 1878 575 1909 ,ι
585 1883 630 1910 oo
649 1878 664 1908 ι
675 1875 851 1930 wacca,
871 1860 932 1916 tres
948 1857 1094 1930 spondeos
1109 1855 1300 1913 continuatos
1315 1874 1359 1911 se·

185 1955 245 2012 mel
274 1954 361 2011 offert
391 1954 427 2012 cf.
452 1945 496 2032 11);
531 1954 565 2014 A.
590 1954 621 2012 P.
645 1955 674 2011 V
693 1957 770 2032 230,
796 1958 811 2012 1
842 1962 952 2034 χρυσῆς
984 1952 1142 2032 εἰρύσσασα
1174 1951 1245 2029 μίαν
1278 1951 1359 2030 τρίχα

185 2049 283 2129 Δωρὶς
319 2049 438 2129 ε’θείρῆς
481 2049 547 2126 [ubi
584 2050 720 2130 χρυσείῆς
761 2050 889 2132 ἕρύσασα
931 2054 990 2110 κτλ.
1049 2049 1241 2108 Ludwichius
1282 2049 1358 2107 Mus.

185 2149 278 2207 Rhea.
302 2150 361 2209 vol.
385 2149 453 2206 XLI
477 2169 504 2223 p.
526 2152 589 2209 594
615 2170 657 2227 sq.
690 2151 901 2227 corrigendum
930 2168 993 2210 esse
1026 2151 1140 2223 censet3
1174 2146 1260 2223 quasi
1288 2166 1358 2205 vero

184 2248 280 2306 Paulo
312 2251 433 2323 praeter
464 2246 596 2326 χρύσειος
629 2241 753 2330 (Ecphr.
786 2249 912 2325 Magnae
942 2245 1095 2305 Ecclesiae
1123 2245 1153 2302 II
1179 2246 1251 2303 304.
1282 2246 1358 2318 380,

183 2345 219 2404 A.
240 2346 270 2405 P.
291 2345 334 2402 VI
355 2347 404 2421 75,
429 2338 463 2424 8)
495 2349 526 2404 et
558 2346 679 2425 χρύσεος
712 2338 835 2426 (Mophr.
867 2345 995 2422 Magnae
1027 2343 1108 2400 Ecol.
1136 2343 1152 2399 Ι
1179 2344 1249 2401 125.
1279 2343 1357 2415 243;

182 2443 305 2502 11218.
331 2445 404 2500 aas.
429 2445 501 2502 aaa.
527 2445 598 2502 337.
625 2446 697 2503 365.
723 2446 795 2503 375.
821 2446 898 2518 3783
922 2443 1030 2518 Eophr.
1048 2441 1194 2499 umbonis
1214 2442 1265 2498 σε.
1287 2443 1356 2498 111.

185 2544 257 2599 218.
279 2543 355 2615 26ος
379 2541 415 2598 A.
434 2541 465 2598 P.
485 2542 527 2599 IX
549 2545 621 2618 770,
642 2546 675 2618 13
694 2543 771 2618 App.
791 2542 835 2600 Pl.
854 2541 924 2598 XVI
946 2543 995 2617 78,
1016 2531 1049 2619 2)
1069 2559 1129 2598 non
1147 2538 1269 2596 licuerit
1288 2537 1357 2617 χρύ-

183 2646 254 2708 σοῦς
273 2633 432 2714 usurpare!
456 2641 536 2698 certe
557 2639 661 2698 eadem
679 2640 796 2699 ratione
815 2641 937 2715 praeter
955 2636 1074 2716 χάλκεος
1090 2630 1212 2718 (Euphr.
1227 2637 1356 2713 Magnae

183 2737 263 2794 Mccl.
287 2737 414 2812 115293
444 2736 480 2793 A.
501 2738 531 2794 P.
556 2736 600 2795 VI
624 2740 674 2814 54,
697 2741 750 2812 12,
774 2737 927 2812 VH563,
950 2728 982 2816 1)
1015 2738 1045 2793 et
1072 2733 1203 2812 χάλκειος
1233 2727 1356 2811 (Mophr.

182 2836 309 2911 Magnae
332 2834 411 2892 Eccl.
435 2834 467 2892 II
489 2827 569 2915 449)
598 2835 690 2893 etiam
713 2838 838 2913 χαλκοῦς
863 2828 912 2912 (A.
932 2832 963 2891 P.
986 2832 1097 2909 7154,
1118 2827 1151 2911 1)
1176 2833 1257 2908 apud
1285 2852 1356 2891 eun-

182 2932 249 2991 dem
272 2925 392 3008 poetam
416 2934 508 2990 extat.
552 2932 686 3010 Accedit,
711 2933 791 3009 quod
814 2933 922 3007 Ecphr
946 2931 1074 3007 Magnae
1096 2931 1176 2989 Eccl.
1196 2931 1210 2988 l
1232 2933 1294 2990 126
1320 2927 1355 2989 ού

181 3027 303 3109 χρύσεόν
336 3051 402 3088 τινα
438 3027 565 3108 ῥάβδον,
597 3026 643 3089 ἀεὶ
670 3027 872 3109 προκέλευθον
904 3025 1040 3087 ἀνάκτων
1072 3028 1165 3087 codex
1198 3027 1355 3086 Palatinus

180 3135 290 3206 χρυσῆς
319 3126 452 3200 exhibet,
481 3147 558 3204 quae
586 3129 736 3204 scriptura
766 3129 924 3186 lectionem
951 3134 1063 3206 χρυσῆν
1090 3126 1203 3202 innuit3
1229 3121 1355 3205 χρυσέην

181 3226 347 3301 reponebat
378 3224 545 3283 Meinekius
574 3227 654 3301 apud
686 3226 900 3299 Kortuemum‚
938 3225 989 3282 des
1023 3223 1213 3282 silentiarius
1241 3223 1354 3279 Paulus

181 3322 407 3399 Boschreibung
434 3322 487 3381 der
514 3324 543 3381 h.
574 3323 685 3399 Sophia
711 3323 773 3381 und
802 3324 853 3381 des
877 3321 996 3380 Ambon
1022 3353 1059 3361 -
1088 3322 1174 3379 1854
1201 3351 1236 3359 -
1263 3340 1291 3394 p.
1312 3322 1352 3377 37

180 3441 208 3480 n.
235 3416 303 3496 12];
333 3422 448 3496 275,5
478 3416 497 3496 ῆ
521 3424 591 3490 παῖς
618 3418 647 3492 ἐξ
677 3419 784 3480 ύττνοιο
817 3417 958 3498 διέγρετο,
990 3415 1068 3496 χερσὶ
1100 3413 1131 3475 δὲ
1161 3420 1288 3494 λευκαῖς,
1311 3417 1353 3474 Vl

181 3520 232 3594 54,
254 3520 268 3575 1
295 3514 347 3576 τὸν
370 3521 498 3594 χαλκοῦν
516 3515 626 3597 τέττιγα
648 3515 789 3597 Λυκωρὲϊ
809 3515 928 3596 Λοκρὸς
952 3513 1092 3591 ἀνάπτει,
1116 3517 1134 3573 5
1159 3512 1287 3594 βραχχδν
1309 3536 1353 3573 τε-

179 3618 295 3693 τριμυῐα
322 3613 412 3693 λύρας
445 3611 632 3692 ἀπεκόμπασε
664 3614 769 3695 χορδά,
801 3618 851 3691 57,
873 3618 890 3674 5
920 3613 1009 3695 αι’χμῆ
1038 3605 1065 3670 δ’
1095 3607 1239 3690 ῆμιβρῶτι
1266 3612 1353 3672 τύποι

181 3710 340 3789 μίμνουσιν
368 3707 514 3789 ὀδόντων,
543 3715 594 3788 84,
620 3718 636 3773 7
666 3712 780 3790 θεσμὸν
808 3710 858 3771 τὸν
882 3710 1021 3789 Σπάρτας
1049 3710 1249 3787 μενεφύλοπιν
1277 3707 1353 3787 ἀμφὶ

180 3808 274 3891 βοείμ,
302 3809 498 3886 V11307,3
527 3833 553 3868 α.
581 3808 681 3886 Ζῆσας
710 3805 738 3869 δ’
764 3808 890 3882 ἐνδόξως
918 3806 1018 3867 ἔλιπον
1048 3807 1124 3886 βίον,
1175 3809 1203 3886 β.
1231 3807 1273 3866 Εἰ
1298 3807 1353 3888 γὰρ

180 3904 303 3983 ἀδόξως;
317 3939 361 3947 -
375 3903 423 3987 b):
439 3907 566 3982 V175,3
580 3904 686 3967 ούποτε
699 3906 755 3987 γὰρ
771 3904 915 3985 πλαγκτὸς
928 3914 1021 3985 μοραλς
1039 3903 1139 3978 ἐξᾶλτο
1153 3906 1271 3985 κεραίας
1287 3901 1295 3988 “,
1310 3907 1353 3976 τίς

179 4001 268 4064 πλέον
291 4006 323 4062 in
345 4023 451 4079 rasura
471 4004 492 4062 O
517 4007 651 4065 exaravit
668 4000 679 4083 Ι)
698 3998 718 4061 3
742 4001 929 4084 γευσάμενοι]
947 4001 1118 4081 ζευσάμενοι
1136 4005 1167 4062 M
1185 4001 1195 4080 ))
1213 4000 1258 4079 δὲ)
1279 4005 1310 4062 in
1329 4005 1352 4060 P

180 4108 304 4162 accentu
319 4102 463 4162 instruxit
478 4101 509 4178 Ο,
529 4103 582 4179 qui
596 4107 719 4161 acutum
738 4121 844 4161 rasura
863 4102 987 4160 sustulit
1005 4096 1015 4179 Ι)
1033 4094 1055 4159 4
1071 4101 1262 4182 τριχθαδίων]
1279 4121 1350 4160 corr.

179 4201 319 4258 Reiskius
343 4201 362 4259 l.
386 4219 423 4258 c:
446 4197 610 4279 τρηχαλέων
634 4201 671 4276 Ρ,
701 4220 790 4276 quani
820 4189 1001 4276 scripturam
1028 4200 1141 4258 frustra
1168 4199 1351 4258 Boissonade

179 4299 258 4374 apud
283 4299 475 4355 Duobnerum
496 4298 688 4375 defendebat,
712 4294 869 4383 τριμαλέωυ
893 4299 969 4371 MV3
993 4295 1165 4376 τρυφαλέων
1186 4296 1351 4354 Salmasius
