3008 4958
659 268 873 331 -23..

179 439 268 498 sicuti
292 440 384 498 etiam
408 434 580 515 ἀχλυόπεζα,
603 430 823 514 πορφυρόπεζα,
847 431 1048 510 φοινικόπεζα,
1071 432 1233 512 χιονόπεζα.
1270 433 1356 492 Unus

179 540 337 613 praeterea
351 535 508 611 Lycophro
525 532 604 593 Casa.
621 535 660 590 23
674 551 715 608 sq.
736 531 770 588 de
787 531 914 591 navibus
930 531 1017 590 dixit:
1034 529 1237 602 ιὀυλόπεζοι
1251 537 1357 592 δεῖνον

179 632 289 704 εὐῶπες
314 630 469 710 σπάθαις]
490 628 720 710 πελαρηόχρωτες
743 628 778 687 αἱ
800 631 985 707 Φαλακραῖαι
1013 627 1131 708 κόραι,
1159 633 1225 687 tum
1249 629 1356 688 Pollux

183 731 288 790 Onom.
308 731 339 789 ΙΙ
362 733 423 790 192
448 729 630 789 adiectivum
653 723 773 798 εόπεζος
798 728 910 800 eadem,
929 730 966 785 ut
984 727 1113 802 videtur,
1132 726 1249 786 ratione
1269 745 1356 785 usur-

102 860 109 874 ·
179 831 285 902 patum
314 828 456 888 servavit:
490 825 521 885 τὸ
549 821 581 884 δὲ
609 822 667 884 ὑπὸ
695 832 730 905 τῇ
758 822 857 908 κνήμη
891 821 978 903 μέρος
1005 829 1134 883 καλεῖται
1162 822 1278 903 σφυρὸν
1307 822 1357 884 καὶ

179 921 260 1001 πέζα,
283 919 337 1001 ἀφ’
363 916 404 983 ὧν
424 921 553 1002 όνόματα
571 920 732 1003 εόσφυρος,
754 921 961 1001 καλλίσφυρος,
985 919 1119 1000 εόπεζος,
1149 919 1356 1001 ἀργυρόπεζος,

179 1022 231 1080 ubi
245 1023 368 1081 Homeri
386 1024 521 1099 exemplo
541 1021 697 1097 supposito
718 1016 912 1099 (ἀργυρόπεζα
933 1013 1033 1090 Θέτις’
1054 1021 1192 1096 equidem
1211 1020 1352 1097 adducor,

179 1123 214 1177 ut
233 1139 334 1179 vocem
350 1117 547 1200 ἀρφυρόπεζος
567 1113 650 1199 (post
669 1109 804 1196 εόπεζος)
824 1119 900 1176 falso
919 1137 974 1193 pro
994 1114 1176 1197 ἀργυρόπεζα
1195 1137 1225 1175 se
1241 1117 1354 1176 insinu-

178 1236 242 1276 asse
271 1219 398 1277 credam.
445 1217 537 1294 Apud
565 1216 766 1275 Claudianum
793 1234 864 1274 vero
894 1216 930 1276 A.
954 1216 985 1272 P.
1004 1215 1047 1272 IX
1068 1216 1144 1291 140,
1169 1217 1184 1272 1
1216 1215 1355 1291 equidem

178 1316 293 1373 nullam
317 1335 438 1374 causam
461 1315 557 1390 video,
582 1333 635 1372 cur
652 1332 707 1389 pro
727 1308 817 1391 ἕδρην
840 1310 1042 1391 χαλκεόπεζαν,
1067 1331 1144 1388 quae
1164 1312 1275 1371 codicis
1300 1313 1354 1372 Pa·

178 1413 265 1471 latini
295 1417 341 1472 est
372 1413 535 1488 scriptura,
564 1415 595 1468 et
623 1409 782 1468 Claudiani
810 1414 841 1468 et
874 1411 1078 1486 Anthologiae
1108 1411 1237 1468 editores
1266 1406 1354 1490 ἕδρην

178 1508 368 1588 χαλκεόπεζον
394 1529 462 1567 cum
491 1509 532 1566 du
555 1507 668 1584 Cangio
693 1499 838 1588 (Glossar.
863 1509 900 1566 ad
931 1509 1090 1584 scriptores
1115 1508 1231 1566 mediae
1256 1511 1287 1566 et
1309 1508 1355 1565 in-

180 1607 268 1665 fimae
293 1607 474 1666 Graecitatis
500 1625 522 1664 s.
542 1626 567 1665 v.
592 1598 719 1685 σελλίον]
744 1607 890 1682 scribant,
917 1606 1096 1682 praesertim
1121 1624 1189 1664 cum
1211 1604 1355 1684 τράπεζαν

178 1705 325 1763 Homerus
357 1706 391 1763 ll.
414 1707 463 1781 11,
485 1707 546 1763 629
571 1701 756 1774 κυανόπεζαν
784 1707 884 1781 vocet,
916 1705 965 1762 cui
993 1704 1143 1764 adiectivo
1171 1703 1355 1778 peculiarem

179 1802 330 1876 quandam
354 1804 506 1862 notionem
534 1803 614 1878 apud
637 1802 779 1860 Nonnum
802 1802 925 1878 Dionys
945 1802 998 1859 XL
1019 1804 1082 1859 212
1108 1793 1194 1882 (ἀλλη
1223 1798 1354 1859 κυανό-

176 1899 260 1968 πεζα
282 1898 454 1978 φανήσομαι
477 1897 581 1980 δδριάς
602 1892 681 1979 Ἰνὼ)
707 1900 874 1959 subiectam
898 1918 961 1958 esse
986 1899 1084 1957 obiter
1102 1905 1207 1957 notare
1227 1899 1329 1973 placet
1342 1891 1351 1979 ‘l

175 1994 287 2073 μαζῶν]
313 1996 403 2075 μαζὸν
426 1999 485 2056 MV
508 1997 670 2073 utrobique
690 1995 699 2072 ή
719 1992 739 2054 ‘2
763 1994 863 2076 χρωτὶ]
881 1993 1102 2077 -ηρείευςχρωτὶ
1121 1997 1161 2074 V,
1180 1991 1191 2073 ή
1213 1998 1353 2076 γαλακτο-

173 2111 276 2191 παγεῐ]
296 2118 501 2193 φαλακτοπαγή
521 2114 561 2190 M,
576 2114 613 2190 V,
633 2107 643 2188 Ι]
662 2111 742 2191 μῆλα
756 2104 812 2193 P(·
823 2111 858 2186 A,
876 2145 888 2157 ε
902 2104 938 2191 Ο)
957 2108 968 2190 ll
991 2109 1177 2190 διαινομόνη]
1195 2109 1353 2192 διενομίνη

175 2210 216 2286 M,
235 2205 286 2286 113
312 2209 416 2290 πυραὶ]
441 2208 533 2290 πηγαὶ
556 2210 613 2287 M„
637 2210 776 2285 idemque
800 2209 831 2266 in
851 2210 874 2266 P
895 2210 1019 2269 dederat
1038 2209 1079 2286 A,
1104 2211 1218 2269 scilicet
1241 2209 1263 2268 C
1283 2233 1302 2269 υ
1322 2211 1353 2269 in

173 2327 279 2367 rasura
307 2328 343 2366 ex
370 2332 389 2384 η
417 2311 491 2367 fecit
512 2306 522 2386 ή
545 2305 695 2385 ἀλλήλαις]
725 2307 756 2364 in
784 2306 891 2364 mendo
923 2308 1027 2384 cubat,
1056 2326 1110 2365 nec
1139 2311 1241 2365 tamen
1271 2311 1353 2367 certa

173 2406 290 2463 medela
318 2406 349 2462 in
372 2410 515 2482 promptu
540 2409 599 2481 est3
628 2406 800 2464 litterarum
828 2403 928 2478 apices
954 2405 991 2462 ad
1022 2402 1166 2481 ἀλλήλας,
1194 2401 1354 2483 ἀλλοίηδην,

173 2499 332 2579 ἀλλήκτως,
351 2500 513 2583 ἀμμίηδην,
532 2500 685 2579 ἀμφαλλὰξ
705 2503 828 2578 ducunt,
848 2500 1008 2579 αὐτόμαται
1027 2502 1134 2560 similis
1149 2502 1251 2560 Rufini
1266 2503 1352 2563 locus

175 2601 210 2657 A.
229 2599 261 2658 P.
282 2600 307 2655 V
329 2603 379 2677 35,
401 2605 475 2678 7sq.
498 2596 517 2678 ή
542 2596 573 2659 δὲ
595 2597 780 2680 φαληνιόωσα
798 2598 954 2678 χαράσσετο
977 2599 1085 2677 κύματι
1104 2605 1196 2683 κωφῷ
1217 2593 1222 2680 l
1242 2598 1352 2660 αὐτο-

172 2697 264 2775 μάτη
297 2703 432 2781 τρυφερῷ
464 2695 568 2779 χρωτί
605 2693 824 2774 σαλευομένη
862 2698 1062 2774 commendat,
1101 2693 1243 2777 ἀρπαλόαι
1276 2699 1349 2757 coni.

172 2794 391 2855 Herwerdenus
411 2797 553 2856 Mnemos
568 2797 605 2855 N.
621 2797 649 2854 S.
665 2797 723 2854 vol.
739 2795 769 2852 ll
788 2786 905 2875 (1874)
920 2817 949 2871 p.
961 2798 1023 2854 306
1043 2791 1053 2872 Ι]
1071 2793 1245 2871 εἱλίσσοντο]
1263 2795 1350 2855 εἱλισ-

173 2917 258 2960 σοντο
277 2902 358 2980 PM„
383 2888 527 2963 είλιόοντο
546 2904 589 2978 M,
616 2898 785 2981 Ξπεριηγέες
809 2900 982 2977 εἱλίσσοντο]
1004 2902 1130 2961 Rufinus
1155 2901 1230 2960 dixit
1255 2903 1349 2959 mani·

173 2999 249 3056 festo
283 2999 319 3056 ad
349 3000 504 3074 Apollonii
536 2999 646 3058 Rhodii
681 3000 780 3056 locum
809 3001 919 3076 Argon.
945 3001 992 3057 III
1017 3003 1078 3059 137
1101 3020 1144 3076 sq.
1173 2999 1349 3074 respiciens:

172 3094 280 3174 χρύσεα
304 3092 356 3171 μέν
386 3095 417 3154 οἱ
442 3097 535 3155 κύκλα
559 3096 735 3173 τετεύχαται·
763 3093 839 3172 ἀμφὶ
867 3090 895 3153 δ’
926 3094 1036 3182 ἕκοίστιμ
1066 3091 1070 3179 Ι
1101 3095 1218 3155 διπλόαι
1240 3093 1349 3173 ἀψῖδες

172 3189 357 3273 περιηγέες
376 3192 601 3254 εἱλίσσονται
618 3190 629 3272 ΙΙ
646 3189 668 3253 4
687 3191 832 3274 ὑγροτέρα
846 3195 878 3252 Μ
896 3198 1026 3272 utroque
1045 3198 1110 3255 loco
1129 3191 1139 3271 Ι]
1157 3192 1350 3271 σαλευόμενοι

172 3310 230 3349 acc.
257 3287 307 3367 0]
326 3286 411 3365 dsq.
437 3312 492 3352 om.
517 3292 581 3350 MV
604 3293 774 3370 utrobique,
800 3295 926 3352 fortasse
946 3314 1005 3353 non
1025 3295 1088 3352 sine
1112 3294 1245 3369 ratione;
1269 3297 1349 3353 cete-

172 3410 238 3448 rum
262 3409 367 3450 versus
392 3391 503 3449 excitat
527 3391 634 3449 Suidas
659 3410 680 3450 ε.
700 3412 726 3451 v.
751 3387 895 3469 Εὐρώτας
918 3394 977 3451 rol.
996 3393 1012 3449 Ι
1032 3396 1050 3451 2
1074 3413 1103 3468 p.
1121 3393 1193 3467 642,
1216 3393 1254 3448 10
1276 3411 1348 3468 sqq,

171 3488 195 3545 P
215 3508 285 3548 vero
305 3489 425 3547 eosdem
445 3489 657 3566 epigrammati
676 3488 711 3546 A.
733 3489 765 3547 P.
781 3490 806 3545 V
824 3493 874 3559 36,
894 3491 979 3548 cuius
999 3493 1105 3549 auctor
1123 3490 1202 3547 idem
1221 3489 1348 3550 Rufinus

171 3589 229 3661 eet,
259 3585 339 3642 inter
371 3589 513 3662 quartum
547 3589 578 3644 et
606 3586 746 3662 quintum
775 3586 923 3645 distichon
957 3587 1065 3645 intexit
1097 3588 1215 3645 Musuri
1248 3587 1348 3646 codice

171 3682 384 3758 consentiente,
405 3683 554 3758 siquidem
572 3683 603 3740 in
623 3684 723 3742 codice
742 3683 839 3741 Vatic.
856 3683 905 3741 Gr.
926 3686 1047 3743 14161.
1069 3687 1149 3744 263Υ
1164 3678 1210 3764 (et
1227 3688 1311 3743 1160
1325 3686 1345 3743 f.

172 3770 247 3857 89l)
268 3779 305 3836 ad
320 3780 355 3838 A.
371 3779 402 3838 P.
423 3779 451 3836 V
467 3783 517 3857 36,
538 3800 573 3838 ex
592 3800 651 3857 quo
672 3780 803 3839 carmine
825 3783 974 3841 Planudes
989 3784 1199 3842 tantummodo
1215 3805 1244 3842 r.
1262 3786 1345 3841 1-4

171 3878 202 3932 et
226 3879 334 3935 9-10
357 3877 388 3934 in
412 3897 498 3935 suam
521 3880 658 3954 syllogen
681 3879 803 3955 recepit,
828 3881 1071 3955 supplementum
1095 3882 1238 3958 adicitur,
1264 3882 1344 3957 quod

170 3972 395 4049 epigrammatis
419 3975 502 4033 illius
523 3997 549 4036 v.
571 3978 656 4035 5-c
681 3995 742 4034 una
765 3995 832 4033 cum
856 3982 959 4036 nostro
980 3979 1107 4038 disticho
1128 3972 1171 4057 (V
1188 3983 1238 4056 60,
1255 3975 1344 4059 5sq.)

170 4071 403 4145 comprehendit.
449 4072 537 4131 Nunc
560 4093 630 4133 vero
654 4074 689 4132 A.
709 4073 740 4131 P.
760 4074 788 4130 V
804 4077 844 4134 36
869 4078 1120 4152 contemplemur:

294 4243 419 4325 ’Ἡρισαν
443 4243 578 4323 ἀλλήλαις
598 4245 732 4326 Ῥοδόπη,
756 4252 883 4329 Μελίτη,
903 4249 1076 4330 Ῥοδόκλεια,

384 4352 441 4403 τῶν
465 4353 589 4423 τρισσῶν
612 4346 655 4418 τίς
679 4345 734 4425 ἔχει
757 4350 913 4428 κρείσσονα
939 4350 1097 4430 μηριόνην,
