3008 4958
653 242 868 305 ,15-

172 412 202 466 et
225 408 411 488 ιαλλύκτορος
437 409 470 467 A.
490 409 524 468 P.
543 407 571 463 V
590 408 640 465 45.
686 406 721 463 In
746 404 842 464 altera
864 407 972 465 codicis
996 410 1095 484 parte,
1119 427 1195 484 quae
1218 409 1342 469 librario

172 516 195 572 B
216 516 356 595 debetur,
379 517 426 574 bis
450 517 559 574 lemma
582 494 736 590 τιαλλιατῆὸ
760 517 858 572 extat:
887 514 922 573 A.
947 513 979 573 P.
1003 513 1082 571 Χ15
1108 517 1139 572 et
1164 518 1240 588 119,
1274 536 1344 574 oan-

171 613 297 689 demque
320 616 448 673 formam
471 614 619 672 Planudes
639 612 670 670 in
689 611 904 687 epigrammate
925 611 960 668 A.
980 610 1011 670 Ρ.
1031 610 1074 669 XI
1092 613 1155 670 333
1181 614 1343 690 adgnoscit.

171 712 326 771 Editiones
365 713 481 790 quidem
515 713 583 769 inde
616 711 653 768 ab
687 709 817 769 editione
853 709 1027 768 Florentina
1055 710 1166 768 lemma
1197 708 1345 786 Καλλιμή-

172 831 228 887 ροο
252 811 407 888 exhibent,
438 809 489 869 sed
512 812 702 888 καλλικτῆρος
724 808 755 866 in
785 808 973 884 autographo
1001 800 1061 887 (Π,
1084 829 1112 866 n.
1139 810 1202 866 114
1225 809 1245 867 f.
1268 801 1344 889 247)

173 908 311 966 distinete
344 910 486 984 scriptum
512 908 638 983 repperi.
676 938 713 947 —
749 905 888 965 Ceterum
921 907 952 964 in
981 908 1174 982 appendicem
1210 910 1344 966 nostram

172 1006 302 1064 auctoris
320 1025 428 1064 nomen
446 1008 569 1080 propter
588 1003 757 1062 Oillactoris
778 1003 963 1079 epigramma
982 1003 1017 1061 A.
1034 1004 1065 1062 P.
1083 1004 1108 1059 V
1125 1007 1164 1063 29
1187 1005 1217 1062 in
1237 1004 1345 1064 ricinia
1397 1042 1404 1055 ·

169 1105 299 1178 positum
322 1104 482 1179 inrepsisse
507 1102 641 1179 videtur3
670 1101 833 1177 Antipatro
858 1102 936 1161 enim
961 1102 1217 1163 'thessalonicensi
1239 1121 1344 1162 versus

167 1202 342 1262 tribuendos
371 1221 434 1261 esse
463 1201 512 1261 vel
535 1201 671 1278 geminus
697 1200 863 1258 sententiae
888 1201 968 1259 color
991 1200 1105 1277 prodit,
1133 1201 1185 1276 qui
1211 1201 1244 1258 in
1267 1200 1343 1260 eius-

168 1299 236 1357 dem
257 1303 363 1374 poetae
387 1301 604 1376 epigrammate
627 1297 663 1356 A.
683 1298 714 1356 P.
735 1296 761 1353 V
781 1299 824 1356 30
847 1298 987 1375 recurrit3
1016 1299 1052 1357 cf.
1076 1303 1233 1374 praeterea
1256 1299 1291 1356 A.
1311 1298 1343 1365 P,

168 1396 195 1452 V
216 1400 292 1473 1093
318 1399 360 1457 IX
380 1401 458 1471 241,
479 1399 570 1473 dsq.;
594 1397 668 1467 420,
695 1397 722 1469 3,
753 1396 805 1454 ubi
833 1395 972 1455 similiter
994 1396 1155 1472 Antipater
1182 1399 1212 1455 in
1242 1415 1343 1455 amore

164 1514 269 1554 aurum
294 1497 402 1556 summi
426 1497 571 1554 momenti
594 1515 658 1555 osse
682 1496 826 1554 declarat.

254 1586 271 1651 l
304 1590 438 1673 χρύσεος]
468 1592 596 1673 χρύσεως
622 1595 649 1651 ll
679 1597 709 1652 et
737 1613 815 1652 arn.
839 1612 881 1666 pr.
904 1587 954 1668 Pl
973 1583 1024 1670 ἧν]
1054 1588 1140 1670 ἢνΡ
1168 1585 1254 1672 (spir.
1283 1611 1341 1652 acc.

162 1686 199 1770 0)
230 1688 241 1769 ΙΙ
259 1691 379 1769 χάλκεος
403 1711 460 1752 acc.
483 1687 534 1769 ΟΙΙ
554 1685 574 1750 2
594 1690 720 1768 τταντύιη
741 1686 796 1769 (sio
817 1689 908 1748 etiam
926 1681 966 1771 P)
987 1685 1014 1748 δ’
1041 1712 1060 1767 η
1079 1686 1215 1768 τιεθέρεια
1233 1691 1264 1748 Μ
1281 1684 1291 1769 Ι)
1309 1688 1344 1748 τὰ

163 1786 232 1864 νῦν]
250 1810 285 1848 ex
306 1790 329 1847 P
348 1790 480 1863 restitui,
505 1789 557 1866 qui
580 1790 672 1848 etiam
696 1788 777 1866 apud
800 1787 963 1847 Leonidam
988 1789 1226 1848 Alexandrinum
1249 1788 1286 1846 A.
1311 1789 1342 1847 P.

163 1887 206 1945 IX
230 1890 345 1965 344,3
371 1888 496 1947 eandem
524 1888 704 1964 scripturam
733 1879 805 1967 (non
833 1877 940 1966 τανῦν)
969 1886 1068 1946 offert:
1098 1894 1190 1945 τανῦν
1222 1886 1285 1942 MV
1314 1892 1344 1945 et

163 1979 385 2064 volgollsssq.
410 1984 461 2046 καὶ
487 2018 524 2027 -
550 1983 599 2045 καὶ
626 2018 663 2028 -
689 1978 958 2062 καῆῆ-ἢ-
982 1982 1032 2044 καὶ
1058 1986 1100 2063 Μ,
1124 1978 1342 2061 ἡ-ἡ-ἢ

163 2083 189 2140 V
207 2080 217 2160 ll
234 2077 320 2162 ἄνδρ’
342 2104 400 2143 acc.
416 2083 438 2142 Ο
457 2078 467 2160 ΙΙ
485 2081 637 2160 έφίλησεν]
662 2080 784 2160 ἐφίλησε
804 2082 898 2140 edidit
917 2083 1094 2157 Brunckius,
1114 2086 1243 2144 fortasse
1262 2088 1342 2144 reete

161 2182 198 2241 cf.
218 2182 386 2241 Lobeckius
404 2182 521 2240 Pathol.
536 2213 579 2222 -
593 2181 689 2240 Elem.
705 2183 763 2242 vol.
778 2181 809 2238 Π
823 2201 851 2256 p.
866 2183 928 2240 174
944 2199 1007 2258 sqq.
1026 2177 1036 2257 ll
1055 2175 1075 2239 5
1092 2179 1213 2261 Νέστωρ
1228 2191 1262 2266 τῇ
1277 2184 1341 2242 Πα-

162 2278 232 2363 φίη]
254 2282 359 2356 scripsi
380 2299 447 2339 cum
466 2280 496 2338 M
517 2283 547 2339 et
565 2279 600 2355 V,
620 2281 650 2339 in
670 2280 778 2357 quibus
802 2275 911 2357 νέστωρ
940 2286 975 2356 τῆ
998 2280 1097 2364 ιταφίη
1122 2284 1152 2340 et
1175 2278 1283 2358 νέστωρ
1307 2289 1340 2364 τῇ

160 2377 258 2455 ιταφίη
287 2378 391 2437 habes:
422 2374 528 2452 νέστωρ
552 2372 571 2452 ἡ
595 2376 694 2454 τταφίη
717 2377 753 2447 Ρ,
782 2377 859 2435 unde
889 2378 1027 2437 Reislrius
1054 2372 1134 2458 (oum
1164 2380 1339 2456 apographo

163 2467 324 2555 Lipsiensi)
339 2476 507 2533 Miscellan.
517 2475 597 2551 Lips.
607 2476 683 2536 Nou.
699 2476 756 2535 vol.
767 2475 809 2532 IX
823 2496 853 2550 p.
866 2477 927 2534 106
943 2496 970 2536 n.
982 2479 1044 2536 283
1061 2481 1092 2536 et
1105 2478 1275 2537 Brunckius
1290 2474 1341 2536 καὶ

149 2566 290 2650 ’χρυσοῦν
307 2605 344 2614 -
362 2569 583 2652 ἀποστρέφεται,
603 2569 735 2651 Νέστωρ,
758 2568 777 2649 ἡ
798 2572 904 2649 Παφίη
925 2573 1092 2651 edolarunt,
1112 2578 1217 2634 contra
1236 2576 1338 2636 Iacob-

161 2671 222 2730 sius
253 2666 470 2754 (adstipulante
498 2665 672 2753 Duebnero)
696 2674 755 2732 vol·
779 2671 825 2729 HI
853 2692 880 2747 p.
902 2673 942 2730 58
975 2669 1024 2731 καί
1048 2679 1176 2750 χρυσοῦν
1202 2705 1240 2714 ·-
1266 2671 1340 2735 ύιτιο-

162 2766 322 2847 στρέφεται.
368 2765 491 2849 Νέστωρ
514 2765 533 2847 ι)
558 2769 664 2845 Παφίη
688 2769 872 2846 corrigebat,
897 2774 1038 2847 argutam
1061 2772 1338 2847 interpretationem

161 2867 327 2946 adiungens
338 2859 503 2948 (Nestori
518 2869 649 2928 similis
665 2867 977 2945 hodieruaVenus,
992 2887 1081 2944 quae
1095 2873 1170 2929 tres
1185 2874 1340 2945 aetates,

161 2983 318 3041 auream,
348 2965 506 3025 ferream
536 2970 819 3042 argenteamque
844 2965 950 3023 simul
975 2960 1259 3049 complectitur),
1292 2970 1341 3028 cui

160 3060 274 3119 frustra
297 3062 505 3136 patrocinatur
527 3062 560 3120 E.
585 3061 705 3120 Gratius
729 3056 783 3121 ‘ad
802 3082 910 3121 aureae
936 3065 1045 3123 aetatis
1070 3065 1202 3124 fabulam
1227 3061 1339 3142 symb.'

159 3156 256 3232 Leipz.
273 3157 359 3216 Stud.
374 3159 432 3217 vol.
448 3158 522 3217 VIII
537 3150 656 3239 (1885)
670 3180 697 3234 p.
716 3163 769 3233 17,
793 3158 843 3219 καὶ
866 3159 936 3233 τοὺς
960 3159 1122 3242 ἀργυρέους
1141 3158 1244 3224 οὔποτ’
1266 3162 1340 3225 ἀυτο-

159 3252 312 3334 στρέφεται
338 3249 342 3315 Ι
368 3251 519 3337 Νέστορος
546 3251 565 3334 ἡ
589 3256 697 3335 Παφίη
725 3259 802 3317 ooni.
831 3260 966 3336 Toupius
994 3260 1119 3319 Emend.
1147 3261 1177 3320 in
1202 3262 1285 3325 Suid
1308 3268 1340 3323 et

160 3351 288 3430 Hesyoh.
313 3354 370 3414 vol.
390 3354 437 3412 III
460 3347 569 3435 (Oxou.
591 3346 691 3436 1790)
714 3377 742 3431 p.
765 3358 835 3417 180.
863 3390 900 3399 —
926 3359 1070 3418 Nostram
1096 3360 1258 3419 lectionem
1277 3381 1338 3419 am-

159 3450 303 3523 plectenti
326 3472 382 3512 vox
406 3449 551 3513 ἐλεύσεται
574 3446 653 3534 (sive
678 3451 760 3513 έλθοι
781 3449 832 3532 ἂν)
853 3475 889 3514 ex
909 3457 1066 3516 enuntiato
1087 3458 1167 3534 quod
1186 3459 1338 3534 sequitur:

160 3547 252 3609 δοκέω
276 3544 303 3609 δ’
330 3549 375 3610 ὅτι
397 3549 447 3610 καὶ
471 3550 576 3635 Δανάη
596 3550 672 3622 Ζεύς
687 3585 729 3591 -’
749 3544 824 3630 ἦλθε
848 3556 1016 3631 supplenda
1040 3555 1106 3633 erit,
1129 3560 1166 3615 ut
1189 3557 1339 3616 sententia

160 3649 280 3725 evadat,
305 3649 396 3707 etiam
421 3668 537 3726 senem,
561 3650 649 3708 modo
672 3650 748 3709 bene
773 3656 946 3711 nummatus
971 3653 1019 3729 sit,
1043 3653 1159 3714 Venere
1184 3656 1337 3714 commode

159 3744 220 3802 frui
242 3764 344 3822 posse3
359 3746 482 3807 verbum
504 3747 583 3806 enim
602 3744 701 3807 ἐλθεῖν
720 3749 756 3807 de
776 3751 992 3810 consuetudine
1011 3771 1138 3811 venerea
1157 3753 1336 3829 intellegen-

160 3841 231 3899 dum
259 3844 294 3900 cf.
319 3835 350 3922 ε)
380 3843 551 3904 Herodotus
581 3846 612 3904 H
637 3849 697 3906 115
727 3844 807 3926 παρὰ
835 3856 887 3907 τοῦ
920 3857 1049 3908 σεωυτοῦ
1078 3858 1130 3908 τοῦ
1155 3849 1254 3922 ξείνου
1282 3847 1337 3927 τὴν

159 3942 287 4018 γυναῖκα
306 3930 407 4016 ἦλθες,
430 3941 577 4002 Isocrates
597 3942 646 4003 Or.
661 3945 688 4002 X
704 3946 744 4004 59
763 3937 963 4023 Ἀμφιτρύωνι
980 3945 1036 4027 γὰρ
1051 3946 1199 4018 εἰκασθεὶς
1218 3943 1258 4019 ὡς
1275 3941 1337 4007 Ἀλ-

159 4035 279 4114 κμήνην
298 4028 383 4115 ἦλθε,
406 4038 531 4100 Nonnus
555 4042 678 4119 Dionys.
698 4042 758 4101 VII
778 4045 840 4102 301
862 4043 904 4115 εἰς
923 4041 1057 4122 Σεμέλην
1081 4044 1168 4125 ταχύς
1191 4043 1269 4105 έλθω
1289 4047 1337 4106 cll.

159 4135 282 4194 Justino
299 4136 431 4210 llartyre
446 4157 500 4211 pro
515 4136 694 4198 Christianis
710 4142 795 4216 Apol.
813 4140 828 4199 I
845 4145 882 4200 21
904 4163 932 4218 p.
948 4143 1027 4202 561)
1043 4136 1101 4222 (ed.
1123 4144 1216 4202 Paris.
1236 4137 1335 4223 1742)

160 4229 200 4304 ὡς
222 4230 273 4317 καὶ
296 4229 387 4291 αὐτὸν
416 4230 467 4292 τὸν
495 4229 625 4313 ἡγεμόνα
648 4235 696 4296 καὶ
718 4236 882 4318 γεννητορα
909 4238 1028 4299 πάντων
1054 4232 1119 4299 κατ’
1145 4237 1254 4313 αύτούς
1278 4241 1337 4301 Δία

159 4362 201 4370 -—
228 4327 275 4389 aa
307 4329 491 4409 Γανυμήδην
519 4329 568 4390 καί
596 4329 646 4404 τὰς
679 4334 788 4407 πολλὰς
817 4337 1023 4416 μοιχευθείσας
1054 4343 1198 4418 γυναῖκας
1226 4338 1336 4418 έλθεῖν,
