3008 4958
647 269 842 330 ,9-

161 453 301 494 mensura
312 435 439 511 cogitari
450 438 558 511 potest.
573 436 641 494 Duo
651 437 806 510 praeterea
817 433 900 491 illius
910 432 1050 492 licentiae
1061 435 1197 511 exempla
1206 436 1336 512 repperi,

161 534 291 592 alterum
309 533 342 591 in
360 533 430 590 rudi
449 533 641 609 inscriptione
660 533 751 608 primi
769 534 832 592 fere
851 531 964 591 saeculi
983 551 1011 606 p.
1027 529 1093 590 Ohr.
1109 536 1171 592 nat.
1185 554 1214 592 n.
1230 537 1334 606 289,ss

162 622 314 711 (Kaibel):
333 627 418 689 τόνδε
437 627 474 689 δέ’
486 628 588 709 βωμὸν
602 627 703 708 ἔθηκε,
722 631 892 690 πανύστατα
907 627 997 708 δῶρα,
1016 625 1209 710 Μένανδρος,
1229 624 1234 712 Ι
1255 636 1333 706 φεῖ-

39 747 45 756 ·
163 730 222 798 λος
246 723 402 802 ἀδελφειοῦ
422 725 527 805 μηδενί
545 726 727 806 λειπόμενος,
750 729 803 787 ubi
822 730 924 803 φεῐλος
942 745 996 802 pro
1016 725 1101 802 φιλία
1118 727 1252 803 positum
1271 745 1335 787 esse

163 844 223 883 non
246 828 326 883 recte
351 825 448 884 editor
471 826 637 900 existimat,
662 827 792 885 alterum
815 826 896 901 apud
919 824 1110 883 Theodorum
1134 824 1338 902 Prodromum,

163 923 327 999 pessimum
349 923 593 996 versificatorem,
618 923 649 981 in
672 924 794 983 Notices
814 927 844 983 et
862 922 999 982 Extraits
1022 923 1074 981 des
1097 923 1279 982 Manuscrits
1303 923 1338 982 de

164 1021 194 1078 la
217 1020 430 1097 Bibliotheque
452 1021 615 1080 Nationale
635 1022 693 1081 vol.
714 1022 758 1079 VI
781 1013 835 1101 (an
853 1012 910 1099 ΙΧ)
929 1041 958 1097 p.
975 1021 1055 1080 531:
1079 1019 1207 1104 δεξιτερῇ
1226 1017 1338 1099 βαλέων

163 1116 269 1194 φίλον
301 1116 391 1197 κάρα,
423 1123 528 1196 θαῦμα
561 1116 688 1177 ἰδέσθαι.
724 1151 768 1159 -
804 1118 929 1177 Hesiodi
961 1119 1045 1177 locus
1072 1119 1179 1196 fragm.
1199 1119 1296 1178 XLIX
1320 1123 1338 1180 3

162 1208 367 1296 (Goettling):
400 1213 501 1275 ἔκτανε
534 1215 699 1294 Λητοΐδην,
732 1216 838 1291 φίλον
873 1215 929 1275 σύν
961 1213 1064 1294 θυμόν
1093 1212 1204 1296 ὀρίνων
1234 1219 1339 1294 procul

163 1314 253 1372 dubio
283 1315 456 1391 corruptela
484 1314 620 1389 laborat,
650 1332 833 1392 quamquam
865 1315 901 1372 de
931 1314 1049 1374 medela
1079 1315 1249 1374 adhibenda
1282 1315 1340 1375 vin‘

163 1413 244 1472 docti
267 1412 346 1471 inter
365 1431 396 1470 se
416 1411 612 1471 dissentiunt:
636 1412 710 1470 mihi
729 1413 850 1489 quidem
873 1411 1002 1470 maxime
1020 1412 1109 1471 Isleri
1128 1412 1246 1472 adridet
1270 1432 1339 1472 con-

162 1511 280 1569 iectura
299 1502 534 1590 (Quaestionum
553 1509 764 1568 Hesiodiarum
784 1510 910 1586 Specim.
929 1530 959 1586 p.
976 1502 1045 1590 11):
1069 1506 1184 1570 ἔκτανε·
1203 1509 1338 1596 Λητοΐδη

164 1605 195 1667 δέ
218 1606 308 1684 φίλον
333 1606 389 1666 σύν
411 1603 513 1682 θυμὸν
536 1603 643 1687 ὀρινεν.
690 1609 781 1684 Apud
800 1608 994 1666 Theocritum
1012 1608 1055 1667 Id.
1070 1609 1154 1667 XXX
1168 1611 1208 1668 31
1229 1604 1339 1680 καύτας

165 1703 391 1785 Κυπρογενήας·
415 1701 463 1782 ἔμε
483 1705 552 1783 μάν,
575 1706 714 1781 φύλλον
734 1704 879 1787 ε’πάμερον
898 1707 1063 1765 rectissime
1085 1707 1138 1765 Th.
1158 1707 1340 1766 Fritzschius

165 1803 278 1880 φύλλον
301 1822 355 1879 pro
379 1802 467 1878 φίλον
486 1805 630 1880 correxit3
654 1804 684 1862 in
704 1804 921 1880 epigrammate
941 1802 1086 1880 Cyziceno
1106 1804 1143 1862 A.
1161 1804 1194 1864 P.
1213 1804 1339 1880 1112‚3

167 1901 311 1978 Τήλεφος,
331 1895 508 1980 Ἡρακλέους
532 1901 638 1977 φίλος
661 1899 750 1980 γόνος
774 1898 862 1972 αότὸς
886 1899 1025 1980 ὑπάρχων
1045 1902 1235 1961 scribendum
1254 1900 1341 1978 φίλος

164 1999 284 2078 ἔκγονος
312 1990 380 2080 (pro
412 1998 499 2074 φίλος
525 1991 628 2078 γόνος)
660 2018 728 2057 cum
756 1999 930 2059 Ludwichio
960 2000 1038 2060 Mus,
1066 2000 1159 2060 Rhen.
1188 2001 1247 2060 vol.
1271 2000 1339 2058 XLI

164 2090 279 2177 (1886)
307 2117 336 2173 p.
358 2097 435 2174 592,
464 2097 545 2172 apud
569 2096 741 2173 Oppianum
764 2095 874 2174 Oyneg.
894 2098 925 2156 H
945 2100 1008 2158 368
1039 2098 1124 2158 λύσεο
1155 2095 1265 2176 μητέρα
1292 2118 1342 2175 μοι

164 2193 365 2273 φιλίην,τά
389 2187 419 2253 δ’
445 2191 555 2254 άποινα
583 2191 682 2267 δέδεξο
711 2195 860 2270 scriptura
884 2193 991 2272 φίλην,
1020 2214 1096 2272 quae
1121 2196 1193 2254 olim
1216 2195 1341 2253 circum-

163 2294 326 2367 ferebatur,
346 2293 483 2352 codicum
503 2312 559 2368 ope
579 2295 625 2351 est
644 2296 779 2368 extrusa,
799 2292 928 2370 denique
944 2294 1025 2369 apud
1040 2294 1182 2352 Nonnum
1197 2293 1341 2369 Paraphr.

163 2392 278 2467 Evang.
299 2391 353 2448 XV
375 2393 416 2448 42
441 2387 513 2467 ὑμῖν
532 2382 560 2450 δ’
581 2386 800 2468 {tractaverim
819 2390 891 2466 φίλα
916 2387 1053 2470 φρονέων
1076 2388 1208 2471 ἀγορεύω
1231 2391 1342 2450 codicis

164 2480 336 2569 Vtaticani)
367 2488 596 2562 auctoritatem,
621 2488 673 2564 qui
696 2487 769 2564 φίλα
791 2488 859 2548 τάδε
882 2509 935 2565 pro
960 2497 1051 2548 ταῦτα
1074 2489 1146 2566 φίλα
1170 2489 1269 2563 offert,
1293 2490 1342 2549 vel

165 2586 288 2646 Homeri
306 2605 411 2646 versus
432 2585 484 2645 Od.
507 2589 538 2660 l,
557 2588 619 2646 307
645 2579 730 2663 ξεῖν’,
752 2578 772 2664 ὀ,
795 2608 840 2646 τοι
859 2583 913 2663 μὲν
936 2595 1044 2646 ταῦτα
1066 2587 1152 2663 φίλα
1175 2583 1341 2665 φρονέων

165 2683 353 2765 ἀγορεύεις
382 2684 492 2743 evertit
516 2680 526 2760 ΙΙ
554 2676 576 2741 4
600 2685 636 2742 cf.
661 2685 808 2743 Homerus
836 2686 871 2743 Il.
893 2687 946 2758 13,
968 2687 1030 2744 567
1052 2704 1094 2761 sq.
1120 2681 1282 2764 Μηριόνης
1311 2676 1339 2743 δ’

164 2781 289 2843 ἀπιόντα
313 2779 531 2861 μετασπόμενος
549 2780 633 2860 βάλε
653 2780 738 2861 δουρὶ
758 2781 762 2856 t
784 2781 906 2842 αἰδοίων
925 2804 954 2841 τε
974 2781 1107 2861 μεσηγύ
1125 2780 1176 2841 καλ
1195 2778 1343 2860 ὀμφαλοῦ,

167 2884 216 2960 16,
242 2884 304 2940 308
324 2899 367 2957 sq.
395 2873 492 2939 αὐτίκ’
523 2876 580 2959 άρα
612 2877 808 2960 στρεφθέντες
837 2860 1014 2960 Ἀρηϊλύκου
1046 2880 1146 2959 βάλε
1179 2878 1312 2959 μηρὸν
1337 2872 1340 2961 )

165 2977 257 3057 ἔγχεϊ
279 2974 450 3050 ὀξυόεντι.
480 2978 525 3036 De
544 2975 620 3056 ἔγχεϊ
636 2973 767 3049 ὀξυόεντι
786 2979 861 3036 adde
880 2983 1037 3054 praeterea
1055 2979 1090 3037 Il.
1110 2981 1139 3054 5,
1160 2981 1216 3051 503
1244 2981 1342 3054 7,11;

164 3079 193 3152 8,
214 3078 289 3149 514,
316 3078 366 3150 13,
390 3077 466 3151 584,
497 3077 546 3150 15,
572 3077 643 3134 536.
671 3077 732 3135 742
751 3070 761 3150 Ι)
780 3072 866 3154 ἔγχεϊ]
888 3077 1007 3152 scripsi:
1031 3073 1105 3155 ἔγχει
1124 3076 1197 3152 MV,
1221 3076 1340 3135 61.Ηο-

164 3192 265 3233 merus
288 3173 323 3231 Il.
341 3175 395 3245 20,
416 3175 479 3232 368
508 3170 602 3251 ἔγχεϊ
627 3165 655 3231 δ’
681 3169 838 3252 ἀργαλέον,
861 3171 923 3232 ἐπεὶ
950 3165 969 3252 ἔγ
993 3173 1070 3234 πολὺ
1094 3170 1230 3254 φέρτεροί
1257 3172 1343 3251 εἰσιν,

165 3277 196 3332 et
211 3273 253 3332 sic
267 3270 344 3350 ἔγχεϊ
356 3274 425 3329 ante
445 3274 641 3330 consonantes
660 3273 691 3330 in
711 3272 815 3330 eadem
834 3291 937 3332 versus
957 3272 1026 3330 sede
1046 3273 1191 3349 scriptum
1205 3271 1341 3332 invenies

164 3373 245 3449 apuu
271 3369 437 3429 Homerum
464 3370 498 3427 ιι.
525 3372 557 3445 3,
578 3372 655 3445 aco,
691 3372 720 3446 5,
747 3372 818 3428 cea.
844 3372 920 3445 8563
955 3372 983 3446 a,
1004 3373 1060 3443 aa
1094 3374 1143 3447 11,
1170 3371 1242 3430 νοτ.
1269 3371 1342 3430 eoa

166 3473 242 3543 541³
269 3472 318 3545 ιο,
341 3469 411 3527 195.
432 3470 505 3526 ree.
527 3470 604 3544 coc,
635 3470 784 3544 1c,1ee;
814 3470 864 3543 19,
886 3470 962 3543 ιον,
993 3471 1043 3544 eo,
1064 3470 1114 3527 aa.
1135 3470 1213 3544 4463
1237 3486 1343 3544 quam-

165 3588 257 3645 quam
281 3568 409 3626 formam
433 3563 507 3645 ἔγχει
530 3565 668 3624 omnibus
699 3565 760 3623 illis
788 3565 862 3624 locis
885 3566 1112 3651 praeferendam
1136 3585 1200 3624 esse
1224 3566 1344 3625 Bekker

167 3666 284 3725 censuit
312 3666 349 3723 cf.
372 3665 492 3723 Homer.
517 3664 636 3723 elector
659 3664 717 3724 vol.
737 3663 752 3721 I
774 3682 803 3738 p.
825 3664 887 3721 139
907 3655 917 3740 Ι)
935 3661 1059 3742 μεσηγύ)
1089 3662 1218 3742 μεσσηγὺ
1241 3663 1283 3736 V3
1311 3662 1343 3720 in

165 3763 196 3820 M
218 3761 329 3838 postet
357 3763 461 3821 littera
485 3784 500 3832 ς
524 3767 571 3821 est
594 3781 678 3821 erasa
696 3758 705 3839 Ι)
725 3756 745 3820 5
770 3757 935 3840 εόσφυρον]
960 3757 1095 3840 εύφυρον
1117 3761 1158 3837 V;
1187 3761 1343 3837 epitheton

167 3858 307 3927 aQuinto
322 3851 352 3940 (Ι
369 3862 430 3918 115
447 3860 522 3918 XIII
539 3852 617 3942 268)
631 3865 722 3937 poeta
736 3860 917 3937 adsumpsit:
933 3860 1014 3935 apud
1031 3860 1194 3919 Homerum
1209 3859 1343 3918 eiusdem

163 3957 228 4017 vice
253 3955 435 4015 adiectivum
458 3957 657 4038 καλλίσφυρος
675 3958 815 4036 fungitur
839 3958 876 4016 cf.
893 3957 928 4015 Il.
950 3960 979 4034 9,
999 3958 1072 4017 557.
1093 3959 1170 4032 560,
1197 3959 1246 4033 14,
1262 3959 1342 4034 319,

167 4053 221 4113 Οά.
237 4057 266 4131 5,
282 4055 360 4130 333,
386 4056 436 4130 11,
452 4057 514 4115 603
534 4054 544 4132 Ι)
561 4054 709 4135 ἀδμήτην]
734 4056 853 4132 scripsi:
877 4051 1003 4132 ἀδμῆτιν
1021 4054 1094 4125 MV,
1119 4055 1204 4113 cuius
1227 4056 1341 4114 formae

166 4172 259 4210 unum
283 4155 399 4210 certum
423 4153 559 4228 suppetit
583 4156 751 4231 exemplum
778 4154 809 4213 in
833 4147 1043 4229 inscriptione,
1073 4171 1150 4228 quae
1174 4152 1288 4229 legitur
1311 4153 1341 4213 in

166 4269 268 4327 opere:
292 4250 402 4308 Reisen
425 4250 458 4307 in
480 4249 597 4326 Lykiou
620 4252 682 4309 und
699 4252 812 4311 Karion
835 4283 879 4292 —
902 4249 1098 4309 beschrieben
1117 4268 1176 4309 von
1195 4247 1228 4307 Ο.
1243 4251 1342 4309 Benn-

166 4349 235 4409 dorf
259 4349 322 4408 und
352 4348 385 4408 G.
410 4348 558 4407 Niemaun
589 4341 704 4430 (1884)
733 4371 762 4426 p.
788 4353 827 4410 77
853 4371 880 4409 n.
901 4351 958 4427 53,
986 4348 1033 4408 col
1055 4348 1095 4427 Ε,
1118 4369 1145 4408 v.
1173 4351 1226 4408 11:
1255 4345 1342 4424 ἀ]λλδι
