3008 4958
627 174 867 238 -108-

250 340 285 397 In
314 338 554 399 Manethonianis
582 340 696 398 formae
723 339 869 416 longioris
902 340 1038 415 exempla
1069 338 1130 398 tria
1161 338 1339 416 Koechlyns

163 438 337 497 coniectura
355 437 489 497 tollenda
508 457 572 496 esse
591 438 750 513 iudicavit,
773 437 909 495 codicum
928 436 1072 495 memoria
1090 436 1122 494 in
1141 436 1227 496 libris
1241 438 1271 495 II
1291 439 1339 497 III

161 535 205 593 VI
228 532 260 594 ἕν
287 536 380 593 semel
406 536 575 611 adgnoscit:
606 535 637 593 II
662 537 724 594 304
753 543 844 593 ταῦτα
872 530 903 593 δὲ
930 531 981 593 καί
1008 532 1144 613 Στίλβων
1164 529 1274 614 ’Άρεως
1297 532 1337 595 ἐν

164 630 297 710 δώμασιν
320 630 407 711 ἔρδει,
430 633 594 709 eodemque
619 633 707 692 modo
731 633 763 690 in
782 634 878 691 altera
902 633 996 691 classe
1019 632 1131 693 variat:
1155 633 1269 691 etenim
1291 636 1341 693 ter

163 722 224 812 (ΙΠ
244 734 317 791 378.
338 733 417 807 406,
441 723 579 811 V1531)
599 727 644 789 ε’νὶ
664 721 738 811 (ἔνι)
757 731 859 806 habes,
882 727 915 790 ἐν
934 730 1027 789 semol
1047 731 1191 789 occurrit:
1215 729 1337 791 V1151

161 821 206 898 οἷς
230 821 259 886 d’
285 820 464 906 άρ’1λπερθ’
490 825 568 905 ὥρης
592 831 706 911 χαλεπῷ
730 825 767 886 ἕν
791 826 912 905 δαίμονι
934 825 1017 903 καλή.
1061 827 1097 884 In
1120 827 1198 886 libro
1218 831 1340 904 quarto,

161 927 213 1003 qui
237 927 276 985 ad
299 926 393 984 alium
413 928 568 984 auctorem
587 926 693 984 referri
716 927 812 1003 debet,
836 926 1004 985 breviorem
1021 924 1258 1001 praepositionis
1277 927 1339 985 for-

160 1044 241 1082 mam
270 1024 360 1081 metri
386 1024 465 1082 ratio
493 1025 624 1099 reposcit
646 1045 673 1084 v.
700 1027 742 1084 80
769 1023 874 1100 τηνίκα
900 1045 945 1082 τοι
972 1021 1137 1100 θεόληπτος
1166 1019 1182 1081 ὁ
1211 1022 1273 1100 φὺς
1299 1020 1339 1084 ἐν

159 1119 282 1200 σχηματι
312 1121 382 1205 τοίῳ
415 1126 445 1180 et
473 1124 536 1179 444
570 1122 684 1193 τούτοις
712 1115 740 1180 d’
767 1117 904 1202 Ἑρμείας
930 1121 1057 1197 φαύλοις
1085 1115 1161 1201 W)
1190 1120 1337 1200 σχήμασιν

160 1216 278 1296 ὀφθεί.
306 1252 343 1261 -

249 1336 397 1394 Horridus
413 1335 612 1395 Oraculorum
628 1336 844 1411 Sibyllinorum
859 1354 955 1394 sermo
971 1336 1070 1393 adt
1023 1338 1070 1393 art
1072 1354 1119 1394 em
1138 1339 1231 1412 atque
1250 1357 1337 1413 prae·

161 1437 249 1509 cepta
267 1435 402 1493 revocari
421 1435 539 1510 nequit,
563 1434 667 1510 itaque
686 1434 809 1491 minime
828 1434 939 1491 mirum
959 1436 1013 1510 cst,
1033 1434 1058 1492 si
1077 1435 1248 1494 duodecimi
1267 1437 1338 1494 libri

161 1534 268 1590 auctor
290 1532 394 1589 iudicii
422 1550 527 1607 expers
551 1553 579 1591 v.
604 1535 642 1589 31
675 1529 806 1610 λαμπρὸς
834 1524 886 1589 ἀπ’
917 1529 1085 1610 οὐρανόθεν
1113 1543 1256 1616 προφανῇ
1283 1531 1338 1594 ἐνὶ

160 1625 252 1705 ἥμασι
275 1624 391 1706 μεσσοις
415 1629 502 1702 dixit,
531 1648 652 1689 versum
676 1649 746 1688 vero
773 1631 834 1688 139
861 1626 970 1700 δέξεται
998 1625 1119 1706 ὠτειλὴν
1147 1631 1276 1709 μεγάλην
1299 1629 1336 1690 ἕν

163 1725 271 1802 στήθει
291 1723 387 1811 μέσσῳ
411 1728 454 1785 ita
478 1729 656 1803 composuit,
679 1732 715 1786 ut
734 1729 944 1786 tantummodo
965 1728 1084 1787 brevior
1101 1730 1336 1806 praepositionis

161 1827 258 1886 forma
277 1827 377 1885 locum
396 1826 505 1884 habere
524 1845 612 1902 posse
614 1827 693 1905 544)
731 1827 847 1885 Eadem
866 1828 912 1884 est
931 1845 1031 1903 causa,
1051 1846 1104 1885 our
1122 1828 1193 1886 libri
1212 1828 1336 1886 secundi

163 1925 333 1999 exemplum
357 1919 399 2000 (v
420 1917 512 2005 282),
540 1925 612 1983 licet
635 1925 694 1982 duo
719 1926 821 1983 extent
845 1942 949 1984 versus
973 1926 1011 1983 ad
1033 1944 1162 1984 usumo
1146 1945 1336 1984 communem

161 2025 242 2080 recte
277 2022 467 2081 conformati:
503 2025 543 2081 65
572 2022 741 2101 παρθενίην
774 2027 888 2101 τηρεῖν,
920 2019 1037 2101 ἀγάπην
1062 2015 1090 2080 d’
1115 2021 1152 2082 ἒν
1179 2032 1251 2082 πᾶσι
1276 2047 1336 2101 φν-

162 2118 280 2178 λάσσειν
314 2123 344 2180 et
378 2121 439 2179 159
474 2112 566 2199 οἴκτρ’
607 2116 823 2199 ὀλοφυρόμενοι
853 2116 976 2199 γονέας,
1011 2117 1045 2179 ε’ν
1077 2119 1183 2199 φάρεσι
1215 2120 1336 2201 σάρκας,

161 2218 293 2276 auctoris
322 2218 558 2288 inconstantiae,
591 2238 681 2294 quam
707 2218 900 2277 librariorum
923 2218 1056 2278 incuriae
1085 2219 1244 2296 adsignare
1272 2240 1334 2279 ma-

160 2316 315 2391 11111444)Ι
349 2314 463 2384 Quodsi
490 2317 624 2392 reliquos
652 2316 745 2375 libros
773 2317 961 2392 respicimuS,
989 2336 1082 2374 unam
1109 2318 1236 2376 formam
1261 2314 1293 2377 ἐν
1317 2338 1335 2376 a

160 2414 313 2472 codicibus
346 2414 480 2472 exhiberi
516 2414 665 2473 videmus:
698 2415 726 2470 V
751 2417 829 2490 4313
861 2414 934 2471 VIII
963 2416 1039 2488 2473
1077 2415 1119 2473 XI
1150 2418 1227 2490 1433
1260 2416 1333 2474 XIII

162 2514 235 2571 163.
309 2545 346 2553 -

245 2505 456 2695 Ilpollinarius
471 2620 665 2696 Laodiceam,
680 2621 706 2678 si
716 2618 897 2678 CXXXVIII
907 2624 947 2679 30
962 2612 1037 2689 εἶδες
1051 2615 1124 2691 άναξ
1139 2613 1167 2697 μ’
1184 2617 1334 2683 ἀτέλεστον

159 2713 201 2775 ἔτι
224 2712 278 2775 ε’νὶ
301 2714 402 2796 γαστρὶ
424 2717 566 2793 τεκούσης
591 2717 710 2794 excipis,
735 2736 860 2790 semper.
874 2714 907 2775 ἐν
930 2720 1058 2791 usurpat
1080 2717 1118 2775 cf.
1140 2717 1168 2773 V
1186 2721 1240 2792 1ος
1264 2719 1335 2778 XXI

162 2817 217 2887 193
242 2815 326 2873 XLII
349 2835 412 2891 arg.
433 2818 466 2887 13
494 2815 574 2873 XLV
599 2817 632 2891 43
660 2815 685 2872 L
711 2817 765 2890 19,
793 2815 872 2872 LXX
899 2817 952 2890 123
981 2813 1020 2872 CI
1044 2816 1099 2890 133
1128 2813 1254 2873 CXVIII
1278 2820 1335 2894 203

161 2911 342 2971 CXXXVIII
365 2914 393 2970 5.
439 2912 524 2971 Unde
554 2914 646 2989 etiam
672 2913 796 2971 unicum
825 2913 877 2988 qui
903 2931 1025 2970 normae
1053 2915 1205 2989 repugnat
1231 2914 1333 2973 locum

159 3029 282 3069 normae
311 3011 598 3072 adcommodandum
626 3030 690 3070 esse
718 3012 877 3088 concludo,
909 3011 1087 3086 praesertim
1118 3030 1186 3069 cnm
1214 3011 1335 3072 brevior

160 3108 391 3184 praepositi0nis
419 3109 516 3168 forma
542 3111 590 3166 ter
613 3110 702 3167 metri
724 3108 842 3166 ratione
865 3108 1034 3184 flagitetur,
1062 3113 1110 3167 ter
1136 3109 1168 3166 in
1195 3110 1334 3170 versibus

160 3206 338 3282 reperiatur,
362 3206 414 3282 qui
438 3207 605 3267 adversus
629 3205 755 3264 CXVIII
776 3209 817 3265 30
842 3206 1070 3264 similitudinem
1093 3208 1226 3282 proxime
1250 3227 1333 3268 acce·

160 3304 237 3363 dunt
260 3305 297 3363 cf.

188 3524 193 3535 ·
231 3500 256 3570 4)
268 3499 462 3570 thoechlyus
472 3499 627 3554 rectissime
637 3517 687 3569 pro
699 3501 750 3555 obv
759 3478 885 3570 leposuit
895 3501 929 3554 cf.
941 3500 1044 3554 111293.
1057 3507 1120 3568 3163
1135 3501 1174 3554 IV
1181 3508 1245 3567 617ς
1258 3502 1332 3557 vm.

219 3597 261 3668 **)
282 3598 383 3652 Versus
403 3604 437 3652 74
461 3598 510 3664 νὺξ
532 3595 608 3651 ἔσται
632 3596 782 3653 σκοτόεσσα
801 3597 870 3669 μέση
890 3593 941 3652 ε’νλ
959 3590 1064 3668 ἥμαὶος
1083 3597 1140 3670 ὥρη
1159 3601 1194 3653 ad
1213 3601 1333 3656 alteram

159 3678 279 3732 classem
297 3679 427 3746 pertinet.

94 3802 96 3805 -
201 3768 261 3837 ***)
279 3766 323 3819 Ad
342 3768 460 3822 alteram
481 3768 598 3822 classem
619 3788 642 3821 v.
659 3774 710 3823 158
730 3770 773 3834 αἴ,
793 3766 903 3822 ὁκόσων
917 3770 1018 3830 παῖδες
1032 3769 1134 3838 χώραις
1154 3766 1205 3823 ἔνι
1223 3769 1335 3839 θρηνή-

160 3865 257 3902 σονται
275 3847 435 3901 referendus
455 3851 504 3901 est.

231 3949 260 4013 †)
279 3945 311 3998 In
329 3946 418 4000 altera
436 3947 525 3999 classe
545 3946 655 4001 codices
670 3947 753 4002 modo
769 3941 812 4001 ἐνὶ
826 3946 849 4014 <1
864 3953 915 4000 366
931 3948 960 4002 et
973 3947 1011 4000 IV
1026 3951 1080 4017 56),
1096 3943 1226 4003 modoiv
1210 3951 1265 4020 ν(Ι
1282 3956 1332 4004 186

161 4026 245 4079 etllI
265 4027 327 4095 404)
348 4024 478 4090 offerunt·
498 4006 600 4080 1352
594 4042 651 4079 non
666 4028 742 4081 recte
757 4026 941 4080 Friedliebius
956 4027 997 4080 ita
1011 4027 1111 4082 edidit.
1131 4028 1248 4095 πάντας,
1272 4028 1334 4083 οσοι

160 4105 247 4177 τούτῳ
261 4107 355 4161 πίστιν
371 4106 422 4161 oo
434 4106 609 4174 ποιήσονται,
624 4108 683 4160 rect
685 4124 699 4161 e
671 4105 757 4160 tol
767 4123 830 4160 oum
843 4105 1009 4174 ποιησονται
1022 4107 1333 4163 coniunxitAlexandre
1355 4141 1364 4155 ·

161 4187 196 4240 cf.
220 4161 258 4238 III
278 4192 311 4241 74
335 4185 455 4254 πάντας,
483 4185 544 4240 ὅσοι
571 4185 659 4259 τούτῳ
689 4188 782 4241 πίστιν
809 4183 1060 4254 ἐνεποιήσαντο
1089 4189 1122 4241 cl.
1145 4188 1240 4242 [1294
1268 4185 1330 4242 ἀλλ’

160 4264 266 4320 ὁπόταν
281 4266 384 4329 πολλὰς
397 4265 524 4329 κολάσεις
539 4262 815 4333 ἕνιποιήσωνται.
