3008 4958
614 253 849 316 -105-

146 421 201 496 Op.
222 425 283 481 369
309 418 354 480 ἐνὶ
377 423 408 478 in
432 418 463 479 ἕν
487 419 618 479 mutavit
641 416 825 493 Koechlyns,
854 415 1000 474 adonius
1023 415 1205 474 sententiam
1227 415 1316 474 facile

145 520 277 597 accedes,
301 521 326 578 si
349 519 474 595 reliquis
497 518 571 577 locis
595 510 721 594 (Theog.
742 518 813 574 285.
840 516 913 572 622.
937 516 1015 589 971,
1043 512 1124 571 Scut.
1146 514 1217 570 188.
1242 514 1316 591 292,

146 616 200 693 Op.
222 611 304 697 192)
327 616 535 676 tantummodo
559 614 727 674 breviorem
750 611 983 688 praepositionis
1006 610 1132 670 formam
1162 628 1316 669 occurrere

143 716 340 792 reputaveris,
945 716 950 722 ’

228 814 264 871 In
287 815 398 890 hymno
422 811 646 872 Ps.·Homerico
670 811 718 870 vel
743 811 848 867 contra
871 807 1009 866 codicum
1032 805 1120 864 fidem
1143 802 1177 864 ἐν
1199 825 1253 881 pro
1273 802 1317 865 ἒνλ

141 884 351 989 corrigendum
379 930 443 970 esse
472 910 612 987 equidem
640 907 714 965 mihi
746 907 891 983 persuasi.
942 906 1048 980 Neque
1077 904 1157 962 enim
1184 903 1318 962 dubitari

141 1013 254 1087 potest,
279 997 516 1087 qnin'canminis
540 1009 647 1065 auctor
668 1004 800 1063 Homero
828 1023 934 1072 versus
958 1004 1125 1061 clausulam
1149 1002 1257 1061 debeat
1280 1002 1317 1062 cf.
1400 994 1403 999 ’

159 1163 194 1219 ΙΙ.
217 1165 270 1239 16,
289 1166 352 1222 437
377 1161 452 1220 θείω
475 1158 647 1238 ἀναρπάξας
671 1155 790 1232 Λυκίης
812 1153 849 1215 έν
872 1152 973 1215 πίονι
996 1154 1108 1239 δήμῷ,

294 1263 357 1321 514
381 1263 472 1319 κλῦθι
495 1254 584 1333 ἅναξ,
608 1255 640 1327 ὅς
663 1276 723 1314 που
746 1254 864 1330 Λυκίης
888 1250 924 1312 έν
948 1252 1048 1312 πίονι
1072 1251 1184 1337 δήμῳ,

215 1362 269 1436 20,
290 1360 352 1418 385
379 1355 489 1440 Τμώλῳ
513 1353 571 1414 ὑπὸ
594 1347 847 1429 νιφόεντι,”Υὸης
870 1349 907 1410 έν
930 1351 1030 1410 πίονι
1053 1349 1166 1435 δήμῷ,

143 1454 196 1513 Od.
218 1458 272 1532 13,
293 1458 354 1515 322
379 1454 450 1533 πρίν
473 1447 501 1533 γ’
528 1452 573 1512 ὅτε
599 1451 742 1529 Φαιήκων
765 1448 884 1530 ἀνδρῶν
907 1447 944 1508 έν
968 1449 1069 1508 πίονι
1092 1448 1206 1533 δημῷ,

217 1557 271 1629 17,
291 1556 354 1612 526
367 1545 424 1634 (=-L
434 1544 678 1632 19,271)ίιγχοῦ,
688 1550 869 1628 Θεσπρωτῶν
879 1545 998 1627 ἀνδρῶν
1013 1544 1049 1606 ἐν
1063 1546 1165 1606 πίονι
1178 1539 1318 1629 ὃήμῷ.*)

143 1703 280 1777 Accedit,
314 1704 393 1780 qnod
428 1702 562 1761 eiusdem
589 1701 692 1778 hymni
726 1719 831 1759 versus
864 1703 934 1757 121.
963 1695 1060 1777 ἁγνῶς
1088 1695 1137 1757 καὶ
1164 1703 1318 1776 καθαρῶς·

146 1800 278 1879 σπάρξαν
294 1794 332 1883 ,δ’
357 1798 394 1859 έν
418 1799 509 1878 φάρεϊ
529 1803 622 1881 λευκῷ
647 1798 684 1856 ab
709 1818 767 1855 usn
792 1799 941 1856 communi
965 1817 1024 1855 non
1047 1796 1196 1855 abhorret.
1243 1795 1318 1854 (lon-

142 1899 253 1956 trarias
278 1902 381 1957 autem
405 1898 572 1956 sententiae
596 1898 714 1954 nullum
737 1900 923 1954 momentum
952 1894 1085 1954 varietas
1109 1893 1216 1966 adfert,
1241 1913 1318 1969 quae

143 1995 175 2053 in
198 1997 279 2055 hisce
302 1997 428 2055 alterius
452 1996 570 2073 generis
594 1994 739 2070 exemplis
763 1994 958 2068 conspicitur:

253 2141 259 2153 x
296 2126 313 2141 Ι

233 2157 265 2224 a)
313 2150 353 2208 52
381 2146 497 2226 Φοίβου
519 2140 714 2223 Ἀπόλλωνος,
737 2141 850 2204 θέσθαι
872 2138 897 2202 τ’
923 2141 977 2203 ἐνὶ
1000 2142 1090 2202 πίονα
1113 2140 1204 2219 νηόν,

291 2248 353 2303 172
378 2242 488 2321 τυφλὸς
511 2241 602 2322 ἀνήρ,
626 2242 702 2302 οίκεῖ
721 2238 752 2301 δέ
776 2243 840 2327 Χίῷ
863 2238 916 2301 ένὶ
938 2238 1153 2324 παιπαλοέσση,

292 2346 355 2402 390
380 2343 409 2401 οἳ
430 2342 666 2420 θεραπεύσονται
688 2343 798 2399 Πυθοῖ
816 2338 830 2399 ε’
837 2337 870 2399 νὶ
893 2337 1070 2423 πετρηέσσῃ,
1097 2372 1133 2380 -

231 2433 265 2520 b)
291 2443 353 2498 535
379 2439 507 2522 δεξιτερῇ
531 2432 598 2517 μάλ’
624 2433 744 2508 ἕκαστος
768 2435 841 2516 έχων
864 2436 902 2497 έν
924 2436 997 2518 χειρὶ
1020 2437 1174 2518 μάχαιραν.
1198 2469 1240 2477 -

232 2592 387 2668 Apollonii
401 2592 511 2651 Rhodii
527 2592 667 2652 versibus
687 2592 746 2649 duo
766 2592 901 2667 exempla
920 2589 958 2647 ad
976 2608 1110 2648 normam
1130 2589 1317 2649 conformata

146 2691 255 2765 opponi
273 2688 413 2765 possunt:
438 2689 550 2765 Argon.
569 2690 584 2747 l
605 2692 688 2748 1111
710 2689 828 2767 βαῖνον,
852 2684 1052 2766 παυροτέρους
1076 2683 1187 2765 ἑτάρων
1210 2683 1247 2745 ἕν
1266 2686 1322 2764 νηῒ

143 2785 275 2858 λιπόντες
298 2770 329 2846 et
351 2785 509 2846 1111264
534 2785 644 2846 ἀσπίδα
664 2785 800 2865 χαλκείην
824 2784 927 2863 μελίην
950 2779 976 2843 τ’
1002 2782 1039 2843 έν
1062 2782 1141 2863 χερσὶ
1164 2783 1318 2844 τινάσσων.

144 2884 225 2954 Quae
254 2885 376 2961 quidem
404 2904 501 2962 neque
535 2885 697 2961 genuinam
729 2884 965 2960 repugnantium
996 2885 1131 2942 locorum
1158 2883 1319 2942 lectionem

144 2983 314 3042 coniectura
337 2983 570 3058 recuperandam
595 3002 660 3042 esse
683 2984 827 3059 indicant,
851 3001 948 3057 neque
972 3000 1042 3041 vero
1067 2982 1133 3057 ipsa
1157 3000 1224 3039 cum
1245 2979 1319 3039 Ger-

144 3081 237 3139 hardo
257 3080 352 3138 Lectt.
376 3079 567 3156 Apollonian.
589 3071 704 3161 (1816)
723 3101 751 3155 p.
769 3082 808 3137 97
835 3080 873 3138 ad
896 3079 1078 3138 contrariam
1101 3078 1250 3137 rationem
1268 3098 1319 3137 ne-

144 3179 271 3238 cessario
287 3178 508 3237 adcommodari
522 3179 639 3237 debent.
673 3177 802 3236 Videtur
820 3178 898 3236 enim
913 3177 1095 3253 Apollonius
1114 3177 1321 3253 antiquiorum

144 3280 302 3353 poetarum
324 3276 526 3347 usum'modo
551 3276 738 3351 observasse,
762 3277 850 3334 modo
874 3275 1018 3350 violasse,
1042 3275 1072 3332 in
1097 3277 1206 3350 quarto
1230 3275 1319 3332 hexa-

216 3474 241 3542 *)
266 3475 370 3528 Versus
389 3473 419 3526 Il.
435 3480 465 3540 2,
481 3478 531 3527 549
556 3471 611 3527 κὰδ
630 3467 658 3525 δ’
680 3467 710 3527 ἒν
727 3469 845 3542 Ἀθήνης
873 3469 947 3526 εἷσεν
971 3465 1011 3544 έῷ
1037 3466 1090 3525 sel
1117 3473 1214 3525 πίονι
1240 3476 1320 3544 νηῷ,

146 3573 209 3609 cum
228 3554 321 3609 verbis
342 3549 385 3607 ένλ
402 3555 482 3606 πίονι
500 3557 558 3626 νηῷ
577 3569 633 3606 vox
647 3546 683 3624 ἕῷ
702 3551 907 3620 praemittatur,
929 3552 965 3604 ad
982 3551 1102 3604 alteram
1121 3551 1240 3605 classem
1258 3569 1319 3620 per·

146 3635 225 3699 tinet,
245 3634 275 3686 in
294 3649 350 3699 qna
370 3627 413 3687 aa
431 3630 567 3700 praeferri
586 3629 714 3684 diximus.
752 3630 811 3683 Nec
829 3631 926 3684 tamen
950 3629 1069 3699 simplex
1088 3633 1117 3684 et
1136 3630 1267 3685 absoluta
1285 3629 1319 3684 il-

144 3715 198 3767 lins
218 3712 323 3767 formae
342 3714 495 3766 necessitas
514 3711 655 3780 inpendet.
694 3711 793 3778 Itaque
812 3727 877 3763 usus
896 3711 1061 3765 Homericus
1081 3711 1124 3765 his
1143 3710 1226 3765 locis:
1247 3712 1277 3766 ll.
1294 3716 1319 3776 8,

146 3798 197 3846 359
218 3791 310 3858 χερσὶν
329 3789 378 3844 ὑπ’
402 3787 527 3861 Ἀργείων
547 3792 688 3860 φθίμενος
707 3785 743 3844 έν
760 3791 906 3860 πατρίδι
925 3792 1018 3860 γαίη,
1042 3790 1092 3844 Od.
1112 3795 1141 3857 8,
1161 3796 1212 3845 461
1240 3798 1319 3861 χαῖρε

147 3866 227 3938 ξεῖν’,
248 3871 295 3923 ῖνα
314 3873 366 3924 καί
380 3870 444 3925 ποτ’
466 3867 520 3926 έὼν
540 3865 575 3924 έν
589 3873 731 3942 πατρίδι
749 3872 842 3940 γαίη,
863 3877 904 3937 14,
926 3877 976 3924 143
990 3869 1182 3939 ὀφθαλμοῖσιν
1197 3869 1320 3938 ἰδέσθαι,

148 3949 201 4004 ἐὼν
221 3944 256 4002 ἐν
274 3950 415 4018 πατρίδι
436 3952 529 4021 γαίη,
549 3957 591 4017 17,
606 3956 656 4005 157
673 3952 709 4014 ὡς
722 3945 740 4020 ἦ
755 3970 799 4004 τοι
810 3948 942 4012 Ὀδυσεὺς
956 3948 1011 4018 ἤδη
1032 3945 1067 4004 έν
1081 3953 1222 4019 πατρίδι
1240 3954 1319 4022 γαίη

146 4029 385 4101 praepositionem
404 4023 434 4083 έν
453 4031 583 4098 requirit,
603 4063 636 4070 —
656 4030 707 4086 Od.
722 4037 769 4098 24,
794 4036 845 4084 266
870 4029 963 4101 ἄνδρα
985 4028 1049 4084 ποτ’
1076 4024 1215 4095 ἐξείνισσα
1238 4033 1319 4101 φίλη

149 4109 200 4166 ἐνὶ
214 4129 235 4163 π
244 4108 361 4177 ατρίθι
375 4110 454 4178 γαίη
468 4110 588 4163 formam
603 4105 646 4165 aa
659 4113 734 4165 recte
749 4110 904 4165 adhibitam
919 4127 980 4164 esse
994 4111 1149 4179 adgnoscit,
1169 4112 1218 4165 sed
1232 4112 1319 4165 hand·

147 4205 289 4260 quaquam
312 4187 456 4256 prohibet,
480 4187 627 4256 quominus
645 4189 676 4243 ll.
696 4197 727 4258 3,
745 4196 797 4244 944
821 4185 1064 4259 senonicensem
1087 4186 1158 4245 αὖθι
1177 4193 1259 4260 φίλη
1284 4187 1320 4246 έν

146 4270 289 4340 πατρίδι
309 4268 389 4336 γαίη
408 4268 438 4320 et
452 4273 494 4334 22,
514 4272 566 4320 404
581 4269 670 4324 δῶκεν
685 4270 884 4324 ἀεικίσσασθαι
900 4264 936 4340 ἕη
953 4265 988 4324 έν
1003 4272 1144 4340 πατρίδι
1162 4273 1241 4341 γαίη
1256 4289 1320 4327 cum

54 4367 59 4378 ·
147 4350 290 4406 codicibus
310 4342 341 4402 ἐν
359 4346 478 4416 legatur.
