3008 4958
648 237 868 299 „31-

168 399 288 478 πωκώς,
316 402 369 460 sed
397 401 428 459 in
455 400 483 456 V
512 420 547 459 ex
575 403 704 477 utraque
732 400 877 477 marginis
907 403 992 474 parte
1023 401 1101 462 idem
1132 402 1217 479 signo
1245 413 1272 465 ÷
1299 404 1343 461 in-

167 500 301 558 cluditur
322 492 333 576 l)
357 493 377 557 3
402 497 517 576 φίλημα
542 517 601 557 acc.
622 497 644 557 O
666 494 676 575 fl
698 494 856 572 πεπωκὼς]
883 498 974 557 etiam
998 498 1145 558 odiliones
1168 499 1342 560 Planudeae

168 597 310 672 offerunl3
330 598 361 655 in
382 598 570 674 autographo
590 601 692 656 autem
711 593 833 656 πέπωκα
852 600 935 655 extat
952 592 962 673 (l
979 594 1029 655 καὶ
1048 596 1153 675 μεθύω
1171 595 1223 656 τὸν
1242 595 1344 677 ἔρωτα,

166 694 243 754 πολὺ
266 687 303 775 (l)
328 693 359 754 τὸ
383 694 498 773 φίλημα
520 692 661 766 πεπωκὼς
687 695 872 754 Boissonadc
896 695 935 753 ad
954 696 1168 772 Theophylacl.
1189 695 1345 757 Simocatt.

166 814 194 869 p.
216 796 279 853 218
308 796 528 870 temptaveral3
552 794 616 869 ipse
645 797 746 852 lamen
774 796 880 869 postea
908 787 1003 870 (apud
1026 788 1235 871 Duebnerum)
1263 813 1341 854 com-

166 894 303 950 mentum
333 910 422 950 suum
453 892 644 968 reprobavit3
685 892 805 951 omnino
844 890 939 951 πολὺν
975 889 1027 951 τὸν
1052 887 1168 970 Ἔρωτα
1201 889 1343 963 πεπωκὼς

168 991 279 1065 oplime
313 1008 343 1049 se
372 989 464 1049 habel
491 990 527 1048 ef.
555 989 712 1067 Vergilius
735 988 810 1047 Aen.
834 990 850 1047 I
876 991 956 1049 749:
984 989 1052 1048 Nec
1080 1009 1148 1048 non
1180 993 1215 1049 el
1242 991 1343 1050 vario

167 1091 308 1147 noctem
340 1106 503 1147 sermone
536 1088 709 1147 trahebat
733 1080 738 1169 ί
763 1087 892 1145 infelix
923 1087 1015 1147 Dido
1043 1088 1263 1166 longumque
1291 1088 1344 1146 bi-

166 1186 274 1245 bebat
297 1205 467 1264 amorem,
491 1186 529 1244 ad
553 1205 641 1263 quem
666 1187 766 1245 locum
790 1184 913 1245 Servius
932 1185 991 1246 vol.
1010 1185 1026 1243 I
1046 1187 1061 1242 1
1087 1207 1116 1262 p.
1136 1188 1198 1245 209
1224 1178 1343 1266 (Thilo)

166 1288 281 1343 monet:
304 1284 459 1344 bibebat
482 1303 649 1343 amorem:
673 1283 814 1342 adlusit
838 1283 880 1341 ad
904 1283 1120 1343 convivium.
1167 1283 1224 1342 Sic
1248 1283 1343 1342 Ana-

168 1401 274 1442 creon
302 1376 352 1461 (fr.
378 1385 441 1442 163
470 1375 587 1460 Bergk)
615 1377 751 1461 Ἔρωτα
778 1380 893 1440 πίνων
916 1382 952 1440 of.
982 1385 1140 1457 praeterea
1162 1381 1343 1440 Eustachius

168 1479 395 1539 Macrembolila
418 1479 523 1555 Hysm.
547 1477 675 1555 lV1,l
701 1475 757 1557 ἐγὼ
777 1472 805 1537 δ’
831 1475 978 1551 ἆξονίτως
1004 1478 1082 1539 πίνω
1109 1475 1159 1538 καί
1181 1479 1278 1538 πίνων
1306 1477 1343 1537 οὐ

166 1576 243 1637 πίνω
270 1573 320 1636 καὶ
348 1574 388 1654 μὴ
416 1575 513 1636 πίνων
536 1573 626 1636 πίνω
653 1574 714 1635 τὸν
734 1572 870 1656 Ἔρωτα
899 1578 935 1636 cl.
959 1577 1051 1637 Bione
1081 1576 1123 1637 ld.
1148 1578 1163 1636 I
1186 1575 1342 1653 (Epitaph.

167 1669 326 1754 Adonidis)
351 1677 404 1735 49.
430 1707 468 1716 -
536 1742 541 1751 ,

361 1901 478 1968 XLIV.
499 1896 788 1983 Ἀσκληπιάδου
811 1901 830 1986 i)
856 1904 1150 1968 Ποσειδίππου.

298 2045 349 2109 Οὔ
372 2068 429 2129 μοι
451 2049 559 2128 θῆλυς
583 2047 666 2129 ἔρως
688 2042 873 2129 ἐγκάρδιος,
897 2044 980 2109 ἄλλοί
1003 2068 1042 2129 με
1065 2041 1186 2129 πυρσοί

348 2153 488 2238 ἄρσενος
510 2149 659 2237 ἀσβέστῳ
684 2157 794 2234 θῆκαν
818 2145 868 2215 ἐπ’
895 2150 1071 2235 dccccxci).

299 2261 501 2342 Πίειότερον
523 2258 600 2321 τόδε
623 2256 772 2333 θάλπος·
799 2256 866 2342 ὅσῳ
891 2257 1118 2342 δυνατώτερος
1141 2258 1248 2341 ἄρσην

348 2362 550 2449 θηλυτέρης,
572 2365 681 2449 τόσσςο
701 2363 747 2447 χώ
771 2364 880 2440 πόθος
903 2363 1065 2449 ὀξύτερος.

599 2538 762 2594 Adnotetlo
783 2538 906 2594 critica:

252 2656 288 2716 A.
314 2656 346 2716 P.
366 2656 426 2714 XII
448 2657 500 2731 17,
529 2654 583 2712 ubi
610 2653 639 2712 A
666 2655 777 2713 lemma
804 2650 917 2731 ἄδηλον
946 2654 1095 2730 adposuit.
1129 2685 1171 2694 --
1202 2651 1342 2729 Optimae

164 2756 253 2813 notae
281 2754 468 2830 epigramma
496 2771 560 2812 esse
591 2752 652 2810 iam
680 2753 833 2814 Iacobsius
857 2753 980 2813 Anthol.
1010 2752 1060 2813 Gr.
1083 2752 1142 2814 vol.
1161 2752 1205 2810 XI
1227 2773 1255 2828 p.
1277 2754 1339 2811 287

162 2852 323 2928 perspexit,
346 2870 444 2928 neque
469 2869 591 2909 causam
614 2850 718 2923 video,
749 2871 803 2910 cur
826 2852 998 2928 appendicis
1025 2855 1147 2910 nostrae
1176 2850 1286 2908 lemma
1309 2851 1341 2907 in

163 2948 287 3008 dubium
311 2949 413 3009 vocari
436 2949 553 3007 debeat.
587 2947 733 3007 Similiier
752 2950 787 3007 A.
808 2949 840 3008 P.
863 2951 887 3005 V
910 2950 980 3009 194.
1006 2951 1079 3007 202.
1104 2951 1181 3021 209;
1211 2947 1269 3004 XII
1291 2950 1340 3023 77,

163 3046 239 3124 App.
273 3047 317 3105 Pl.
351 3046 423 3104 XVI
455 3049 494 3105 68
527 3045 673 3104 memoria
707 3046 788 3103 inter
824 3045 1033 3120 Asclepiadem
1073 3047 1104 3102 el
1145 3042 1342 3117 Posidippum

163 3144 304 3222 fluctuat,
336 3163 391 3202 nec
418 3144 505 3220 parvi
537 3143 682 3202 momenti
714 3143 804 3219 duco,
832 3143 913 3220 quod
935 3142 1095 3218 utriusque
1124 3142 1231 3216 poetae
1260 3141 1341 3199 fetus

162 3247 194 3302 el
216 3243 247 3301 in
270 3243 443 3301 recensione
467 3241 608 3300 Palatina
637 3245 667 3300 el
695 3241 726 3300 in
756 3243 872 3319 sylloge
896 3241 1053 3300 Planudea
1072 3257 1286 3316 saepenumero
1311 3258 1341 3298 se

163 3340 317 3416 excipiunt
340 3341 375 3399 cf.
400 3340 434 3398 A.
456 3340 488 3398 P.
510 3339 538 3396 V
556 3341 617 3399 185
642 3331 868 3422 (Asclepiades)
892 3344 924 3399 el
945 3342 1005 3399 186
1030 3328 1252 3420 (Posidippus),
1277 3339 1340 3397 202

162 3429 371 3519 (Asclepiades
395 3439 446 3498 vel
463 3432 660 3517 Posidippus)
686 3441 716 3497 el
740 3442 803 3499 203
827 3429 1068 3521 (Asclepiades),
1098 3439 1160 3495 209
1186 3433 1339 3515 (Posidip-

160 3556 219 3612 pus
249 3538 298 3597 vel
327 3530 534 3615 Asclepiades)
563 3539 594 3594 et
622 3538 686 3594 210
715 3529 936 3616 (Asclepiades)
968 3538 999 3594 el
1029 3537 1090 3592 211
1121 3525 1341 3614 (Posidippus),

161 3633 240 3709 App.
267 3634 312 3693 Pl.
340 3635 412 3695 XVI
444 3637 505 3694 119
531 3625 741 3714 (Posidippus)
773 3637 803 3692 et
834 3637 897 3693 120
931 3626 1113 3712 (Archelaus
1149 3630 1211 3689 sive
1236 3632 1341 3690 Ascle-

162 3723 290 3810 piades).
317 3763 355 3772 —
380 3733 525 3790 Nestum
544 3750 615 3792 vero
639 3751 759 3791 carmen
783 3731 820 3790 ad
839 3731 1036 3806 Posidippum
1055 3728 1167 3806 potine,
1192 3747 1283 3804 quam
1303 3730 1341 3787 ad

164 3826 374 3903 Asclepiadem
400 3829 592 3888 referendum
620 3848 691 3889 esse*
713 3849 748 3888 ex
777 3830 905 3906 gemello
933 3826 1088 3901 Posidippi
1116 3826 1181 3884 loco
1205 3824 1241 3883 A.
1260 3826 1294 3882 P.
1313 3825 1341 3881 V

164 3925 326 4001 211‚1sq.
350 3925 525 3984 concludas:
549 3926 673 4006 Δάκροα
695 3924 745 3986 καὶ
767 3934 876 4004 κῶμον,
899 3925 928 3984 τί
945 3916 976 4002 μ’
1003 3921 1133 4005 ἐγείρετε,
1156 3919 1227 4001 πρὶν
1246 3920 1341 3992 πόδας

163 4013 232 4101 ἆραι
252 4014 257 4098 (
277 4018 310 4081 ἐκ
332 4020 438 4101 πυρός,
460 4020 502 4092 είς
524 4019 625 4103 ἑτέρην
649 4023 804 4103 Κύπριδος
827 4020 1006 4102 ἀνθρακιήν.

256 4113 272 4179 l
304 4115 341 4180 οίί
365 4117 428 4198 μοι]
459 4116 495 4178 οὐ
526 4143 566 4197 μη
589 4123 620 4179 Μ
640 4119 652 4199 1)
674 4119 746 4180 ἀλλά
768 4118 817 4198 με]
841 4117 913 4179 ἀλλὰ
938 4121 983 4196 ll,
1005 4110 1068 4177 ἀλλ’
1098 4113 1147 4195 ἐμὲ
1170 4117 1341 4177 Brunckius

164 4220 274 4298 edidil,
299 4219 376 4278 falso
404 4249 441 4258 —
467 4216 498 4275 id
522 4218 602 4295 quod
627 4220 718 4278 eliam
743 4219 779 4276 de
798 4218 948 4296 Agathiae
970 4217 1036 4275 loco
1058 4218 1091 4275 A.
1110 4216 1142 4272 P.
1163 4213 1189 4268 V
1211 4217 1283 4292 292,
1300 4219 1338 4274 11

164 4319 249 4379 valet
273 4314 284 4397 (l
311 4312 332 4377 2
362 4312 500 4398 ἄρσενος]
530 4335 565 4374 ex
592 4314 688 4374 PMV
715 4316 847 4374 resticui:
877 4311 996 4393 ἄρσενες
1024 4314 1150 4373 schedae
1180 4313 1341 4389 Thryllitz-

221 4427 393 4479 sterne-en,
410 4424 514 4474 eppone.
528 4425 659 4465 naris-va.
1112 4421 1128 4468 e
