3008 4958
596 239 836 301 -111—

126 401 319 461 Rubensohni
354 401 609 474 emendationem,
648 402 728 478 apud
763 399 960 478 Orinagoram
992 403 1028 460 A.
1053 403 1084 460 P.
1108 402 1151 460 IX
1180 405 1257 480 239,
1285 406 1300 461 1

129 500 250 578 βύβλων
268 496 288 576 ἡ
308 497 433 580 γλυκερὴ
452 502 581 578 λυρικῶν
599 497 636 559 ἕν
654 499 750 578 τεύχεϊ
766 499 840 583 τῷδε
859 500 1042 559 confidenter
1060 497 1106 559 ε’νλ
1124 501 1304 578 reponentiS,

129 598 166 655 ad
189 599 315 656 inritum
342 598 441 675 redIgi
469 599 617 675 sequitur,
647 601 678 656 et
705 600 788 674 apud
816 599 969 657 lacertum
992 599 1027 656 A.
1047 598 1077 656 P.
1097 598 1156 655 VII
1181 601 1258 670 279,
1285 601 1303 656 3

128 705 263 775 ναυηγού
277 693 309 754 τὸ
331 702 441 773 μνῆμα.
476 694 514 753 Τί
529 704 581 773 τῆς
600 693 654 754 ἐνὶ
671 694 782 774 κύμασι
800 695 897 775 λώβης
916 715 971 773 pro
991 696 1135 755 Planudis
1156 697 1305 771 scriptura

128 792 173 853 ἐνὶ
205 795 316 854 codicis
343 794 476 853 Palatini
508 795 669 852 lectionem
699 791 733 852 ἐν
765 794 1008 853 substituendam
1042 813 1107 853 esse
1140 793 1170 850 in
1202 794 1304 852 oeulos

128 893 264 952 incurrit.
283 882 332 933 *-

216 999 313 1058 Venio
337 1017 416 1057 nunc
440 998 478 1056 ad
500 998 603 1056 Nonni
626 999 769 1074 exempla,
794 1017 923 1074 quorum
946 999 972 1057 is
992 1003 1038 1058 est
1060 999 1191 1072 habiens,
1215 1003 1251 1058 ut
1274 1004 1305 1058 et

129 1098 256 1172 expendi
277 1097 380 1173 potius
404 1096 533 1155 debeant
556 1114 648 1172 quam
670 1096 825 1154 numerari
854 1099 885 1154 et
912 1098 1064 1171 peculiare
1088 1098 1232 1155 iudicium
1257 1117 1304 1155 ex-

128 1199 263 1271 poscant.
309 1195 353 1252 Ac
376 1214 469 1271 parvo
493 1194 616 1270 quidem
639 1195 844 1269 exemplorum
867 1214 990 1254 numero
1022 1196 1091 1253 inde
1114 1197 1232 1271 pondus
1257 1215 1305 1254 ao-

129 1293 221 1370 cedit,
254 1294 334 1369 quod
361 1313 457 1371 neque
486 1313 521 1351 ex
548 1292 739 1368 Dionysiaois
766 1311 864 1369 neque
892 1313 908 1351 e
936 1294 1118 1371 Paraphrasi
1145 1295 1305 1372 Evangelii

130 1391 298 1450 contrariae
316 1391 443 1449 rationis
462 1390 637 1449 testimonia
656 1391 783 1465 proferri
802 1395 938 1469 possunt,
961 1396 1148 1452 momentum
1171 1411 1242 1453 vero
1261 1394 1305 1451 rei

129 1509 235 1550 versus
262 1489 415 1549 Nonniani
444 1491 597 1547 structura
624 1488 711 1564 facit,
744 1489 854 1565 quippe
887 1510 964 1567 quae
993 1494 1114 1568 poetam
1142 1511 1201 1550 non
1233 1511 1305 1551 casu

132 1587 335 1663 fortuitoque,
362 1587 413 1645 sed
436 1587 514 1645 bono
543 1585 668 1645 oonsilio
693 1586 730 1644 ab
753 1605 812 1644 usu
836 1589 987 1647 communi
1009 1591 1166 1649 recessisse
1191 1591 1305 1649 doceat.

120 1687 214 1751 ,Hanc
238 1687 318 1745 enim
340 1687 440 1762 legem
462 1684 493 1742 in
511 1685 692 1742 hexametris
716 1687 883 1774 pangendis
902 1687 1028 1746 Nonnus
1052 1689 1108 1747 sibi
1132 1689 1250 1765 statuit,
1270 1690 1306 1745 ut

129 1785 161 1843 in
190 1784 326 1843 confiniis
354 1784 528 1858 verborum,
562 1802 690 1859 quorum
718 1783 849 1842 alterum
879 1787 1094 1846 terminaretur
1121 1786 1305 1862 consonanti,

132 1883 309 1942 consonanti
331 1882 478 1957 inciperet
501 1881 639 1957 alterum,
662 1881 763 1942 brevis
784 1883 902 1959 syllaba
920 1884 950 1942 in
971 1888 1185 1944 consonantem
1204 1885 1305 1942 exiens

129 1980 229 2038 thesin
253 1979 446 2056 spondiaoam
468 1973 588 2037 tantum
612 1979 643 2036 in
666 1979 743 2054 pede
761 1981 857 2055 primo
878 1981 1018 2058 efficeret,
1042 1982 1073 2039 in
1091 1981 1216 2056 pedibus
1236 1981 1304 2038 reli-

131 2078 199 2154 quis
218 2078 334 2137 athesi
353 2078 473 2136 omnino
493 2077 711 2135 excluderetur.
750 2076 827 2135 Sane
847 2078 941 2136 sexies
960 2082 1051 2154 poeta
1069 2079 1305 2153 Panopolitanus

135 2181 221 2235 extra
244 2177 402 2253 caucellos,
426 2195 500 2253 quos
520 2176 577 2234 sibi
600 2175 805 2249 circumdedit,
830 2175 931 2249 agredi
956 2178 1002 2233 est
1025 2194 1132 2234 ausus:

131 2328 255 2406 Dionys
322 2323 582 2387 Χ412ὁττττύσον
607 2325 774 2386 ίστοττύνοιο
801 2322 916 2384 κανὼν
939 2323 1028 2404 πρὸς
1051 2325 1157 2403 στήθεϊ
1179 2327 1303 2407 κούρης,

186 2474 201 2504 ,,
220 2423 344 2484 XXXVI
362 2429 424 2486 282
446 2424 640 2504 Λωγασίύην
655 2417 707 2502 θ’,
721 2419 759 2496 ὃς
773 2434 897 2503 μοῦνος,
911 2421 974 2483 ἐπεὶ
988 2421 1081 2500 σοφὸς
1091 2421 1155 2484 ἔσκε
1165 2424 1307 2503 μαχήτιχς,

185 2572 201 2602 ,,
233 2525 345 2583 XLVII
361 2529 421 2585 621
445 2524 532 2604 δῆριν
556 2520 668 2604 ἅχεις,
688 2518 725 2594 ὃς
744 2520 843 2599 Ζηνὸς
862 2521 918 2602 ἔχει
940 2519 1036 2602 γένος,
1060 2508 1083 2605 ᾧ
1105 2543 1175 2582 ποτε
1194 2523 1307 2607 μούνῳ,

131 2623 276 2698 Paraphr.
290 2624 406 2699 Evang.
420 2623 464 2681 IX
480 2625 520 2682 57
541 2626 639 2692 κεῖνος
653 2618 758 2700 ἀνήρ,
772 2615 810 2692 ὃς
823 2618 949 2700 Χριστὸς
959 2618 1106 2700 ἀκούεται,
1121 2618 1224 2680 ύντινα
1232 2621 1307 2698 λαοί,

183 2767 200 2798 ,,
334 2768 351 2799 ,,
392 2722 466 2780 ΧΙΙΙ
505 2719 592 2780 1ιιαλ
614 2716 767 2790 ναέταις
790 2717 889 2798 πρὶν
917 2719 1013 2797 πάσχα
1041 2723 1194 2797 μολεῖν,
1221 2717 1307 2799 πρὶν

939 2816 1041 2897 βωμὸν
1065 2811 1238 2899 ἀνάψαι,*)
1263 2852 1306 2859 -

130 2970 206 3028 nihil
225 2974 326 3028 tamen
345 2969 490 3028 eiusmodi
510 2968 758 3044 exceptiunculae
773 2969 812 3026 ad
826 2969 926 3045 legem
944 2969 1042 3044 ipsam
1061 2971 1304 3028 labefactandam

132 3072 163 3126 et
186 3069 379 3129 evertendam
403 3067 514 3128 valent.
561 3066 644 3124 Haeo
667 3065 693 3122 si
716 3066 868 3141 tenemuS,
896 3085 974 3140 quae
1002 3067 1075 3124 mihi
1103 3068 1223 3144 quidem
1247 3088 1305 3127 non

131 3165 274 3225 videntur
296 3185 383 3242 posse
408 3165 546 3241 convelli,
567 3162 803 3240 'praepositionis
826 3159 1024 3221 formamini
1048 3166 1129 3223 certo
1152 3165 1265 3224 iudicio
1289 3185 1307 3224 a

130 3265 238 3324 Nonno
262 3270 440 3341 usurpatam
464 3283 528 3323 esse
547 3261 741 3340 perspicitur;
765 3261 869 3338 itaque
889 3264 970 3321 recto
989 3260 1163 3339 Koechlyus
1181 3264 1305 3342 Dionys.

131 3363 218 3421 XVII
243 3364 422 3424 acl-craeso
446 3358 676 3423 coniecturam
699 3358 824 3420 κυνλύδι
842 3361 872 3418 in
891 3363 1006 3420 rectam
1030 3361 1207 3420 emendandi
1226 3363 1307 3424 viam

132 3460 274 3520 inductus
296 3458 341 3520 ἕνλ
364 3461 488 3522 νυκλύδι
510 3481 564 3538 pro
593 3462 735 3535 corrupta
762 3458 910 3517 librorum
933 3457 1077 3517 memoria
1100 3455 1239 3535 εύκληὸἑϊ
1259 3479 1305 3518 re-

132 3560 305 3634 ponendum
337 3579 400 3620 osse
429 3561 551 3637 statuIt,
582 3590 618 3599 -
650 3576 809 3635 perperam
840 3556 1033 3616 Ludwiohius
1063 3547 1227 3635 (Beitrege
1255 3577 1308 3615 zur

132 3656 234 3715 Kritilr
257 3658 309 3715 dos
332 3658 455 3718 Nonnos
478 3679 537 3720 von
562 3657 724 3733 Panopolis
748 3676 775 3730 p.
798 3647 875 3734 111)
900 3656 1021 3731 praetor
1039 3653 1163 3711 Maximi
1186 3672 1306 3714 versum

134 3747 213 3831 (περὶ
235 3763 385 3833 καταρχῶν
410 3748 493 3837 500)
522 3753 671 3835 σπέρματα
698 3749 884 3832 θαρσαλέως,
912 3749 1016 3810 θεῖναί
1036 3743 1062 3809 τ’
1093 3748 1147 3810 ἐνὶ
1175 3749 1307 3828 κλήματα

132 3849 235 3927 μύροις
258 3851 333 3909 nihil
357 3853 476 3911 obstare
500 3857 614 3930 censet,
643 3852 804 3929 quominus
828 3851 950 3926 Dionys
969 3849 1083 3907 XLVII
1107 3851 1147 3907 69
1171 3846 1204 3908 ἕν
1228 3843 1307 3928 (‘dio

133 3947 251 4004 freilioh
275 3947 409 4007 einfache
432 3937 644 4030 duderung'),
670 3949 703 4009 G.
722 3949 888 4008 Hermanni
912 3950 1115 4006 commentum
1139 3939 1192 4026 (ad
1217 3945 1307 4021 Orph.

132 4067 161 4121 p.
179 4035 270 4124 762),
294 4044 326 4102 In
349 4048 466 4104 textum
484 4047 658 4122 reoipIatur.

133 4174 348 4184 ....-—-..-..—--—-

203 4252 228 4320 ⁴²)
248 4251 377 4306 Fortasse
397 4248 587 4304 scribendum:
611 4249 660 4302 καλ
683 4249 749 4318 πρὶν
772 4250 866 4319 πάσχα
889 4252 985 4318 μολεῖν
1008 4245 1122 4309 ναύταις
1145 4248 1193 4300 nol
1213 4247 1306 4319 βωμὸν

132 4331 252 4403 ἀνάψαι.
