3008 4958
699 207 936 271 -126-

335 367 366 422 Il.
379 375 402 435 7,
418 373 470 421 376
489 366 530 437 (et
544 367 608 435 395)
627 364 795 418 παύσασθαι
813 360 976 431 πολέμοιο
991 357 1132 428 δνςηχέος,
1152 357 1192 422 εἰς
1210 356 1260 412 όκε
1279 356 1411 426 νεκροός,

363 462 404 524 11,
420 462 472 510 524
492 450 605 524 ἐσχατιῇ
623 451 787 521 πολέμοιο
807 450 951 522 δνςηχέος·
972 449 1001 504 ot
1018 448 1049 504 δὲ
1069 449 1104 517 δὴ
1125 447 1215 514 ἀλλοι,

420 550 472 598 590
493 540 631 613 φεύξεσθ’
653 538 683 596 ἐκ
702 540 866 611 πολέμοιο
886 537 1026 610 δυςηχέος,
1046 537 1115 592 ἀλλὰ
1134 533 1198 607 μάλ’
1220 536 1327 605 άντην,

369 642 410 703 15,
425 638 476 688 535
497 628 595 702 ἐξῇγεν
613 629 772 700 πολέμοιο
792 626 933 698 δνςηχέος,
952 623 1020 698 ὄφρ’
1042 621 1118 681 ἵκεθ’
1140 627 1256 694 ἵππους,
1440 695 1443 703 1

363 730 405 793 18,
421 729 472 778 307
493 721 633 791 φεύξομαι
652 715 683 775 ἐκ
701 717 865 789 πολέμοιο
885 715 1030 786 δνςηχέος,
1049 715 1120 769 ἀλλά
1142 712 1208 785 μάλ’
1229 713 1338 784 ἀντην,
1359 744 1392 753 -

321 812 371 866 Od.
382 818 408 880 9,
423 816 475 865 530
494 811 542 872 δὸς
561 809 598 880 μὴ
616 807 754 877 Ὀδυσσῆα
771 804 1028 874 πτολιπόρθιον
1047 802 1142 859 οἴκαδ’
1164 802 1295 872 ι’κέσθαι,
1317 835 1351 843 -

336 902 369 956 Il.
380 898 404 969 2,
421 907 472 955 518
492 897 583 961 υἱέες
599 895 704 967 Ἰφίτου
724 896 891 968 μεγαθόμον
909 895 1133 968 Ναυβολίδαο.*)
1152 924 1188 935 -

292 1031 294 1035 ’
323 1026 430 1081 Eodem
450 1026 536 1080 etiam
556 1024 684 1094 exempla
702 1022 854 1093 pertinent,
872 1021 902 1075 in
921 1021 1023 1091 quibus
1042 1022 1108 1075 ante
1128 1019 1274 1090 digamma
1293 1018 1325 1072 in
1340 1017 1415 1072 thesi

231 1116 384 1187 spondiaco
403 1111 434 1171 ἐκ
454 1117 483 1169 et
502 1110 530 1180 ἐξ
549 1131 600 1184 pro
621 1111 660 1175 εἰς
679 1115 708 1167 et
727 1107 756 1178 ἐξ
776 1113 921 1166 commode
939 1111 1050 1166 restitui
1068 1111 1164 1178 potest
1182 1108 1217 1163 cf.

344 1242 375 1296 Il.
387 1247 411 1309 2,
427 1247 479 1295 230
501 1239 603 1309 Τρώων
623 1235 791 1307 ἷπποδάμων
812 1232 845 1301 ἐξ
862 1234 944 1290 Ἰλίον
964 1232 1024 1298 υἷος
1042 1234 1161 1300 ἀποινα,

367 1335 409 1398 18,
425 1335 475 1384 207
497 1329 533 1391 ὡς
552 1325 580 1381 δ’
602 1325 647 1381 ὅτε
666 1326 774 1387 καπνὸς
793 1323 843 1379 ἰὼν
863 1320 896 1390 ἐξ
916 1325 1014 1387 ἀστεος
1033 1321 1130 1393 αἰθέρ’
1152 1325 1260 1390 ἵκηται,

324 1418 374 1473 Od.
388 1424 429 1485 15,
444 1424 478 1471 44
498 1416 588 1485 αότδιρ
608 1413 622 1470 ὃ
643 1417 818 1483 Νεστορίδην
838 1409 871 1480 ἐξ
891 1411 974 1482 ἡδέος
992 1412 1083 1467 ὕπνον
1103 1410 1222 1483 ἔγειρεν,

368 1513 477 1574 21,188
497 1507 534 1559 τὼ
553 1503 581 1558 δ’
604 1500 636 1569 ἐξ
657 1506 736 1558 οἰκον
756 1505 846 1575 βῇσαν
864 1501 1071 1573 ὁμαρτήσαντες
1090 1499 1139 1572 ἀμ’
1161 1500 1261 1571 άμφω,
1290 1530 1293 1533 -

424 1602 476 1649 375
496 1592 632 1664 ἡμετέρου
652 1589 680 1659 ἐξ
700 1595 789 1660 οἴκου,
809 1587 870 1646 ἐπεὶ
890 1591 964 1646 κακά
983 1588 1194 1662 μηχανόωνται,
1214 1621 1248 1630 -
1447 1660 1451 1667 Ι

364 1684 395 1737 11.
407 1689 431 1752 3,
448 1690 480 1737 aa
502 1690 546 1752 γε
558 1689 599 1750 11,
616 1687 680 1748 σεε,
698 1688 739 1748 13,
754 1687 813 1735 σεο.
830 1686 890 1736 cac.
906 1686 970 1748 eie,
993 1686 1035 1747 14,
1049 1682 1112 1749 coe)
1132 1677 1174 1749 aa
1193 1677 1221 1732 ε’
1239 1673 1351 1750 ἕτερον
1370 1677 1419 1741 εις

557 1769 642 1833 έθνος
661 1766 773 1839 ἐχάζετο
792 1767 856 1839 κῆρ’
877 1770 1026 1836 ἀλεείνων,

386 1867 478 1930 4,103
498 1863 539 1931 (et
560 1862 620 1930 121)
639 1861 736 1914 οίκαδε
756 1858 893 1926 νοστήσας
912 1856 988 1929 ιἐρῇς
1007 1856 1056 1920 εἰς
1074 1857 1143 1911 άστν
1165 1859 1291 1925 Ζελείης,

387 1958 410 2018 ε,
426 1956 480 2005 490
499 1952 544 2018 (=
564 1949 615 2004 0d.
632 1957 655 2016 1,
670 1947 768 2016 aee**)
789 1951 817 2001 et
836 1956 879 2016 21,
894 1952 958 2018 350)
976 1943 1037 2001 ἀλλ’
1058 1945 1107 2009 εἰς
1126 1943 1205 2001 οἷκον
1229 1945 1314 2000 ocra
1333 1946 1370 2001 rt
1390 1944 1416 2001 ι’

555 2040 641 2107 αὐτῇς
661 2036 728 2107 ἔργα
747 2036 855 2106 κόμιζε,

372 2135 413 2197 11,
431 2135 480 2183 196
501 2131 544 2198 (=
566 2132 608 2194 15,
626 2129 686 2194 169)
707 2127 741 2198 βῇ
761 2124 792 2180 δέ
812 2124 875 2180 κατ’
894 2123 1005 2180 Ἰδαίων
1024 2124 1112 2196 ὀρέων
1132 2123 1181 2187 εἰς
1195 2121 1280 2179 Ἰλιον
1301 2121 1377 2192 ίρήν,

431 2224 483 2272 230
502 2215 592 2286 αότδιρ
611 2213 626 2269 5
645 2215 727 2280 πεζὸς
746 2210 800 2269 ἐών
820 2212 869 2277 εἰς
882 2211 966 2268 Ἰλιον
986 2213 1158 2282 εἰληλούθει,

372 2312 481 2376 13,165
501 2303 543 2374 ἂψ
562 2300 669 2374 έτάρων
689 2302 737 2366 εἰς
757 2301 843 2367 έθνος
862 2299 982 2373 ἐχάζετο,
1002 2305 1110 2373 χώσατο
1129 2300 1157 2356 δ’
1179 2300 1279 2368 αἰνῶς,

429 2400 480 2448 175
499 2396 544 2465 (--
565 2400 606 2461 15,
621 2395 684 2460 550)
704 2390 747 2461 diet
767 2391 815 2455 είς
828 2390 912 2446 Ἴλιον
930 2386 1017 2461 ν’γλθε,
1036 2389 1189 2462 μετέπρεπε
1209 2388 1241 2445 δέ
1264 2392 1421 2462 Τρώεσσιν,

429 2490 480 2537 533
500 2481 543 2551 do
562 2480 590 2535 δ’
611 2476 718 2551 έτάρων
739 2479 787 2544 εἰς
806 2480 892 2544 ἔθνος
911 2477 1036 2551 ἐχάζετο·
1055 2483 1104 2536 τὸν
1124 2479 1155 2535 δὲ
1175 2482 1311 2550 Πολίτης,

373 2579 415 2640 16,
430 2579 481 2626 817
501 2570 544 2640 δῇ
564 2565 670 2639 έτάρων
690 2568 738 2632 εἰς
758 2568 843 2633 ἔθνος
863 2566 974 2640 ἐχάζετο
994 2568 1059 2641 κῆρ’
1080 2571 1227 2636 ἀλεείνων,

390 2668 432 2729 22,
447 2668 480 2715 47
501 2660 534 2713 οό
554 2660 678 2729 δύναμαι
697 2657 784 2713 ἰδέειν
806 2660 908 2729 Τρώων
928 2658 977 2722 εἰς
996 2660 1064 2714 άστυ
1085 2658 1221 2727 ἀλέντων,

372 2757 415 2817 24,
433 2756 483 2803 143
498 2742 566 2819 Ἰριν
585 2746 613 2801 δ’
635 2748 757 2818 ώτρννεν
776 2751 916 2818 Κρονίδης
935 2747 984 2810 εἰς
997 2745 1081 2802 Ἴλιον
1101 2745 1177 2818 ι’ρήν,

430 2845 481 2893 096
501 2837 529 2893 οἳ
547 2835 575 2891 δ’
597 2836 646 2900 εἰς
664 2837 733 2892 ἀστυ
754 2835 822 2891 ε’λων
841 2836 947 2908 οἰμωγῇ
966 2857 995 2892 τε
1015 2844 1136 2907 στοναχῇ
1154 2857 1197 2905 τε,

331 2929 382 2984 Od.
394 2936 418 2997 5,
434 2934 485 2982 349
505 2926 548 2997 dcet
567 2927 779 2997 ἀπολυσάμενος
797 2926 909 2998 βαλέειν
929 2926 976 2989 εἰς
996 2929 1097 2981 οἴνοπα
1116 2924 1235 2993 πόντον,

393 3024 432 3086 11,
448 3026 482 3072 85
501 3016 552 3086 τὴν
572 3017 644 3086 ζωὴν
663 3015 829 3072 κατέλειπον
850 3015 899 3071 ἰών
919 3014 967 3078 είς
981 3013 1064 3070 Ἴλιον
1084 3013 1160 3086 ι’ρήν,

375 3113 416 3174 15,
432 3112 483 3161 216
503 3105 545 3176 dds
564 3109 678 3161 Πυλίων
697 3105 745 3169 εἰς
764 3105 842 3175 άστν,
861 3109 939 3168 θοῶς
957 3103 984 3159 δ’
1007 3105 1063 3173 ἀρα
1081 3103 1196 3175 δώμαθ’
1218 3107 1332 3172 ἵκανεν,

432 3201 484 3250 505
504 3190 631 3266 ἕσπέριος
650 3195 678 3249 δ’
700 3195 748 3258 εἰς
767 3195 836 3250 άστν
857 3194 925 3250 ἰδὼν
945 3191 998 3265 ε’μά
1018 3193 1085 3265 έργα
1104 3193 1228 3265 κάτειμι,

375 3292 416 3354 17,
432 3291 483 3339 293
503 3283 595 3354 θρέψε
616 3283 675 3355 μέν,
695 3283 758 3339 οὐδ’
780 3283 920 3354 ἀπόνητο,
938 3284 1028 3355 πάρος
1046 3282 1074 3337 δ’
1097 3282 1145 3346 εἰς
1159 3280 1243 3340 Ἴλιον
1263 3281 1336 3355 ἷρήν.

330 3408 389 3464 Nec
415 3410 512 3462 tamen
534 3409 563 3463 in
582 3409 705 3464 Bekkeri
728 3409 850 3464 editione
874 3410 985 3464 abunde
1010 3411 1186 3464 satisfactum
1209 3411 1253 3465 eet
1270 3409 1338 3464 huic
1364 3411 1423 3465 toti

242 3497 409 3568 quaertioni.
447 3496 559 3551 Etenim
579 3498 655 3552 locos
674 3499 749 3551 haud
767 3515 872 3568 pancos
891 3497 1002 3553 Bekker
1021 3500 1080 3552 eine
1099 3498 1174 3554 iusta
1191 3515 1276 3554 causa
1293 3499 1422 3554 intactos

242 3588 367 3659 reliquit,
386 3587 488 3656 quibus
508 3589 572 3641 ante
592 3587 736 3657 digamma
753 3587 861 3644 formae
881 3583 923 3642 ἐνὶ
943 3591 971 3642 et
989 3587 1070 3657 προτλ
1090 3590 1279 3658 compareant,
1294 3604 1328 3643 eo
1343 3588 1422 3642 vide·

242 3678 309 3732 licet
327 3675 445 3731 coneilio
464 3693 515 3745 pro
536 3671 566 3731 ἐν
586 3678 615 3730 et
632 3677 702 3748 πρὸς
720 3678 858 3746 invectae,
884 3679 916 3731 ut
934 3676 1022 3731 thesin
1047 3678 1201 3747 spondiaca
1219 3677 1423 3746 declinaretur,

242 3783 293 3821 nec
319 3765 443 3821 dubitari
471 3768 577 3836 potest,
602 3766 669 3835 quin
698 3769 795 3822 eadem
822 3765 931 3822 ratione
961 3771 1131 3823 correctores
1155 3766 1260 3836 pluries
1282 3767 1379 3822 verbis
1404 3783 1424 3820 a

332 3945 358 4016 *)
378 3945 418 3999 cf.
438 3946 584 4014 praeterea
603 3944 711 4015 Od.13,
728 3951 777 3999 121
803 3944 942 3999 ὤπασαν
966 3943 1060 3999 οἰκαδ’
1083 3943 1154 4000 ἰόντι
1177 3944 1226 3999 διὰ
1250 3943 1423 4016 μεγάθυμον

242 4032 364 4103 ’Λθήνην
383 4035 413 4087 et
431 4039 483 4087 305
503 4032 644 4088 ώπασαν
664 4032 759 4087 οἴκαδ’
777 4033 848 4088 ἰόντι
868 4029 919 4104 ἐμῇ
939 4036 1025 4108 βουλῇ
1043 4053 1072 4088 τε
1091 4032 1148 4107 νόῳ
1167 4053 1205 4101 τε,
1219 4033 1268 4088 nbi
1287 4050 1345 4088 non
1362 4036 1425 4090 eine

244 4122 454 4193 probabilitatis
483 4123 576 4190 specie
606 4126 702 4177 δῶκαν
729 4139 780 4193 pro
808 4122 926 4178 ὤπασαν
954 4120 1075 4178 coniecit
1096 4122 1240 4178 Nauckine
1265 4127 1425 4193 praeeunte

245 4212 382 4281 Bekkero,
401 4211 513 4267 Homer.
534 4213 643 4267 Blttter
661 4211 716 4268 vol.
731 4212 757 4265 ΙΙ
776 4231 803 4282 p.
820 4218 880 4268 317.

316 4300 358 4370 **)
377 4301 430 4355 Ηίο
449 4301 616 4372 scripturam
636 4299 676 4363 εἰς
694 4301 804 4356 Beklrer
821 4319 877 4356 non
894 4301 1022 4357 mutavit.
