3008 4958
659 57 865 149 44-

183 242 253 328 t‘m’,
272 245 476 309 Callimachus
491 251 526 308 fr.
542 253 606 310 490
618 242 810 331 (Schneider)
820 250 948 330 βροντᾶν
964 242 991 308 δ’
1007 247 1062 309 οὐκ
1076 246 1158 328 ἐμόν,
1176 249 1368 309 Plutarchus

183 348 245 407 Vit.
269 348 379 408 Anton.
398 349 511 407 XXXII
531 351 549 408 3
573 345 721 428 ἐπιορκεῖν
739 344 794 427 γάρ
818 345 874 407 οὐκ
891 345 974 425 ἐμόν,
997 348 1099 406 Strato
1120 349 1154 407 A.
1174 347 1206 406 P.
1221 347 1280 405 XII
1295 351 1326 425 4,
1345 351 1364 407 6

183 447 279 523 ζηιιῖν
304 445 359 506 οὐν
383 443 469 524 ἐμόν,
494 446 658 525 Gregorius
680 446 886 504 Nazianzenus
911 444 1007 503 Oarm.
1028 446 1043 503 Ι
1063 449 1080 502 2
1105 466 1132 504 n.
1154 449 1204 520 25,
1231 448 1294 503 275
1316 464 1364 521 sq.

181 538 308 626 (Patrol.
334 545 383 605 Gr.
406 547 465 606 vol.
484 537 642 625 XXXVII)
664 566 693 621 p.
714 547 791 604 833:
815 541 862 603 σοὶ
881 536 914 624 (l.
934 536 1002 624 σὸν)
1026 539 1079 622 μὲν
1102 542 1157 622 γάρ
1181 541 1259 601 ἐστιν
1283 538 1365 620 ὠμό-

180 664 244 720 της,
277 641 308 702 τὸ
342 639 374 702 δὲ
402 651 498 723 πρᾶον
524 634 528 723 )
552 639 632 720 ἐμόν.
660 639 670 719 Ι(
697 640 787 701 καλόν
819 639 910 718 ἔστιν]
940 639 1030 701 καλὸν
1063 639 1141 700 ἐστὶν
1173 642 1251 699 male
1280 642 1367 717 apud

180 742 376 801 Duebnerum
398 741 512 818 legitur
530 735 540 818 (Ι
557 738 635 800 ἔστιν
660 738 706 800 ἐνὶ
729 738 930 818 σπλάγχνοισι]
958 744 1039 798 recte
1063 740 1126 797 MV
1158 740 1288 798 offerunt
1317 731 1366 819 (in

180 840 212 897 M
241 837 477 920 ἕνίσπλιιγχνοισι
510 830 626 918 extat),
656 838 819 914 eodemque
846 837 934 897 modo
962 838 994 895 in
1026 839 1161 916 margine
1194 825 1366 913 apographi

181 937 392 997 Ruhnkeniani
413 941 459 996 est
477 940 660 996 eorreetum:
681 933 740 996 ἐστι
759 933 947 1014 σπλάγχνοισι
961 934 993 1011 Ρ,
1013 931 1091 994 ἐστιν
1106 932 1153 995 ἐπὶ
1172 934 1364 1014 σπλάγχνοισι

181 1036 388 1112 apographum
411 1035 665 1093 Ruhnkenianum
683 1035 715 1092 in
733 1036 821 1093 textu
844 1033 973 1111 exhibet,
993 1030 1071 1092 ἐστιν
1094 1030 1153 1092 ὑπὸ
1173 1032 1364 1112 σπλάγχνοισι

181 1132 293 1191 ibidem
317 1133 348 1191 in
375 1133 511 1211 margine
538 1152 574 1191 ex
600 1133 774 1192 coniectura
797 1132 904 1209 habes,
931 1151 1022 1208 quam
1047 1131 1169 1191 Herelio
1195 1135 1363 1208 praeeunte

180 1231 317 1308 plerique
350 1232 533 1308 probarunt,
570 1227 648 1289 ἐστιν
676 1227 733 1289 άπὸ
767 1228 957 1308 σπλάγχνοισι
986 1223 1145 1311 (Μυΐσπον
1173 1227 1177 1306 Ι
1204 1221 1362 1310 κρύπτειν)

181 1327 212 1387 0.
243 1328 278 1387 A.
309 1328 446 1387 Klotzius
484 1328 522 1386 ad
556 1328 688 1388 Straton.
717 1348 745 1386 n.
774 1331 815 1387 20
849 1350 877 1404 p.
903 1331 943 1388 58
979 1348 1015 1387 ex
1049 1327 1165 1387 schedis
1199 1328 1363 1403 ThryllItz-

181 1427 311 1485 sehianis
335 1421 457 1502 edidit)
476 1421 633 1504 Μοΐσκον]
658 1434 785 1504 μυϊσιιον
808 1425 841 1503 Ρ,
865 1425 1005 1505 μενίσιιον
1029 1427 1065 1502 V,
1089 1423 1228 1505 μὲνισπον
1252 1426 1298 1498 Μ,
1322 1426 1361 1484 ef.

182 1525 220 1583 ad
244 1523 453 1583 n.XXXIV1
486 1525 566 1583 infra
583 1519 593 1602 1(
611 1520 707 1603 πάγμὸν
725 1555 763 1567 -
787 1523 943 1599 Μοΐσπον]
970 1522 1063 1603 ιιήμοί
1092 1546 1137 1584 τοι
1163 1522 1254 1583 καλόν
1282 1519 1362 1581 ἐστιν

180 1620 239 1680 ὑπὸ
272 1620 461 1700 σπλάγχνοισι
489 1623 631 1682 Μοῖσκον
666 1623 793 1683 coniecit
824 1622 1077 1699 Wyttenbaehius
1109 1622 1254 1682 Biblioth.
1287 1620 1361 1681 Orit.

180 1720 238 1779 vol.
258 1720 273 1778 I
294 1723 312 1778 2
334 1712 450 1800 (1777)
465 1741 492 1797 p.
510 1724 560 1797 32,
580 1728 621 1798 πῆ
641 1743 691 1798 μοι
710 1719 760 1780 τὸν
784 1717 874 1780 καλὸν
894 1718 972 1780 ἔστιν
991 1717 1049 1779 ὑπὸ
1069 1719 1258 1798 σπλάγχνοισι
1277 1719 1360 1779 Mot-

181 1834 253 1877 σκον
283 1817 316 1878 G.
342 1818 532 1877 Hermannus
562 1820 643 1895 apud
671 1818 823 1879 Graefium
851 1822 881 1878 in
910 1819 1054 1895 Meleagri
1083 1818 1214 1878 editione
1242 1811 1360 1899 (1811)

180 1938 208 1992 p.
231 1919 284 1993 79,
308 1912 399 1993 κήμοὶ
426 1914 478 1976 τὸν
505 1915 595 1976 ποιλόν
623 1914 683 1976 ἐστι
710 1913 797 1995 θέμις
826 1916 1013 1996 σπλάγχνοισι
1036 1916 1180 1976 Μυΐσπον
1207 1916 1361 1974 Iaoobsius

180 2015 239 2073 vol.
259 2014 305 2071 III
324 2035 352 2090 p.
371 2017 442 2092 744,
461 2011 552 2092 ιιήμοὶ
571 2012 621 2073 τὸν
640 2012 731 2073 καλὸν
751 2012 828 2073 ἔστιν
847 2011 891 2073 ἐνὶ
911 2013 1100 2092 σπλάγχνοισι
1119 2015 1262 2073 Μοΐσκον
1281 2014 1359 2072 idem

181 2112 213 2170 in
236 2113 316 2171 notIs
338 2113 551 2188 manuscriptis
572 2113 652 2188 apud
671 2111 875 2189 Duebnerum,
894 2108 985 2188 κήμοὶ
1003 2108 1054 2170 τὸν
1072 2110 1163 2171 καλόν
1181 2109 1259 2170 ἔστιν
1278 2109 1361 2189 ἐμοῖς

181 2203 245 2291 (vel
269 2202 327 2290 ἐνὶ)
352 2209 541 2289 σπλάγχνοισι
564 2211 709 2270 Μολσιιον
732 2210 917 2269 Boissonade
947 2210 986 2268 ad
1008 2210 1106 2268 Nicet.
1130 2211 1297 2288 Eugenian.
1317 2208 1361 2266 VI

181 2311 245 2367 592
270 2310 328 2368 vol.
352 2308 384 2366 II
406 2329 434 2384 p.
460 2311 538 2385 337,
565 2305 655 2385 κήμοὶ
682 2305 733 2365 τὸν
765 2306 856 2367 καλὸν
884 2305 974 2379 ἔξεστι
1004 2306 1193 2386 σπλάγχνοισι
1216 2307 1359 2366 Μυΐσιιον

180 2405 299 2464 Heelrer
322 2404 520 2465 Commentat.
546 2404 617 2464 Orit.
643 2406 679 2463 de
703 2404 825 2471 Anthol,
849 2405 898 2464 Gr.
919 2397 1036 2485 (1843)
1054 2427 1082 2482 p.
1104 2408 1177 2483 357,
1201 2401 1290 2482 κάμοὶ
1309 2400 1359 2463 τὸν

181 2501 271 2562 καλόν
290 2501 349 2561 ἐστι
372 2501 463 2562 καλὸν
487 2503 676 2582 σπλάγχνοισι
698 2502 842 2561 Melenos
866 2503 1086 2562 Herwerdenus
1109 2503 1251 2562 Mnemos.
1271 2503 1308 2560 N.
1331 2502 1359 2560 8.

181 2603 238 2662 vol.
258 2601 329 2659 XIV
349 2593 465 2681 (1886)
483 2623 510 2678 p.
533 2603 605 2660 405.
652 2600 735 2670 Quae
755 2603 924 2659 commenta
944 2600 974 2658 in
996 2602 1172 2661 universum
1191 2620 1270 2661 vana
1290 2603 1361 2658 sunt

181 2704 273 2776 atque
306 2699 410 2774 Inrita,
443 2699 589 2757 nonnulla
621 2716 744 2774 prorsus
774 2699 869 2776 falsa,
904 2698 1000 2757 veluti
1028 2698 1255 2775 Wyttenbaehii
1292 2717 1359 2756 oon·

181 2799 305 2874 iectura,
330 2816 391 2873 qua
411 2797 555 2855 sollemne
575 2796 730 2871 epitheton
749 2792 800 2854 τὸν
823 2792 914 2854 καλὸν
934 2797 1114 2856 extrudatur
1133 2798 1169 2855 ef.
1189 2798 1225 2855 A.
1246 2796 1278 2855 P.
1302 2795 1360 2853 XII

183 2899 233 2973 20,
253 2898 288 2969 4,
314 2897 364 2970 28,
385 2897 417 2970 2,
443 2896 493 2971 64,
514 2895 548 2969 4,
573 2896 677 2970 67,1,
703 2895 807 2971 68,1,
832 2897 883 2971 69,
904 2898 936 2970 3,
962 2898 1011 2972 71,
1033 2899 1065 2970 6,
1093 2896 1360 2972 107,1,122,1,
1455 2937 1462 2949 .

184 2996 256 3069 133,
277 2995 310 3068 5,
336 2994 464 3069 140,1,
491 2994 562 3068 171,
584 2994 616 3066 1,
642 2993 714 3066 194,
735 2993 767 3068 3,
793 2994 865 3069 204,
887 2995 919 3068 2,
945 2996 1017 3071 253,
1039 2995 1066 3052 2.
1099 3025 1134 3033 -
1162 2992 1197 3050 In
1222 2991 1359 3050 Herwer-

182 3090 249 3148 deni
287 3089 437 3165 scriptura
470 3089 562 3147 etiam
594 3106 711 3147 oraseos
743 3089 822 3147 ratio
855 3110 916 3149 non
943 3092 1055 3149 Dorica
1088 3089 1225 3150 offendit:
1262 3107 1358 3165 neque

92 3218 94 3222 .
182 3188 260 3246 enim
293 3186 417 3263 dubito,
449 3186 521 3264 quin
549 3186 719 3264 Meleager,
752 3187 778 3244 si
815 3188 913 3246 erasin
942 3188 1107 3265 effecisset,
1137 3183 1228 3264 πάγμοὶ
1256 3187 1360 3246 eodem

181 3285 269 3344 modo
294 3284 430 3344 dicturus
454 3285 556 3362 fuerit,
581 3305 640 3361 quo
664 3284 700 3343 A.
721 3283 753 3343 P.
773 3285 833 3343 XII
853 3289 902 3359 68,
926 3289 966 3346 10
990 3281 1071 3365 κήγὼ
1094 3304 1148 3362 pro
1176 3282 1226 3343 καὶ
1249 3282 1305 3364 ε’γά
1329 3288 1360 3343 et

182 3387 217 3442 A.
236 3384 268 3442 P.
283 3383 343 3441 VII
363 3386 436 3461 428,
457 3386 497 3443 16
521 3379 579 3460 κήν
602 3402 656 3459 pro
680 3379 730 3441 καὶ
752 3379 785 3442 ἐν
805 3383 893 3460 dixit,
918 3385 969 3442 sed
995 3402 1100 3461 reapse
1124 3385 1214 3459 poeta
1236 3381 1289 3440 ποί
1310 3403 1360 3460 μοι

182 3481 321 3556 dedisset,
345 3480 436 3540 sicuti
455 3480 546 3540 etiam
570 3480 605 3538 A.
626 3480 656 3538 P.
676 3480 703 3536 V
725 3483 798 3557 136,
819 3484 837 3539 3
857 3480 909 3539 καί
926 3503 976 3560 μοι
995 3480 1094 3553 habeo,
1114 3500 1173 3539 non
1192 3475 1283 3556 πήμοὶ
1302 3473 1357 3557 (=

181 3577 231 3638 κιιὶ
253 3576 345 3657 ἐμοί),
374 3581 441 3637 tum
465 3581 499 3636 A.
519 3578 551 3636 P.
572 3578 628 3636 XII
656 3579 771 3658 119,4
796 3577 848 3636 ποιί
871 3599 919 3656 με,
946 3599 1006 3638 non
1030 3574 1104 3656 πάχιὲ
1128 3570 1184 3656 (--ἓ
1203 3573 1253 3636 παὶ
1281 3568 1359 3656 ἐμὲ),

182 3697 242 3754 qua
262 3676 470 3735 observatione
495 3676 576 3752 apud
601 3676 729 3734 eundem
752 3676 940 3753 Meleagrum
962 3676 997 3735 A.
1017 3676 1048 3735 P.
1069 3674 1129 3733 VII
1153 3677 1226 3751 418,
1248 3678 1267 3733 4
1286 3670 1360 3754 πάμὲ

182 3774 272 3836 θετὸν
298 3772 450 3854 Μερόπων
479 3771 567 3834 άσιὸν
595 3771 786 3854 ἕγηροτοόφει
812 3792 917 3835 vocem
940 3768 1014 3850 πάμὲ
1035 3768 1122 3852 (nupt
1145 3765 1183 3853 Ρ)
1206 3773 1238 3830 in
1257 3773 1309 3832 ποί
1326 3793 1360 3850 με
1470 3847 1473 3852 .

182 3874 358 3933 mutandam
389 3891 452 3931 esse
480 3873 628 3950 probatur
652 3868 663 3951 (Ι
691 3866 713 3930 4
740 3870 780 3949 μή
800 3869 848 3949 με]
874 3869 1003 3929 correxit
1021 3869 1193 3928 Brunelrius
1217 3889 1253 3928 ex
1280 3888 1359 3926 mar-

182 3972 251 4050 gine
277 3971 444 4049 apographi
467 3970 623 4029 Vossiani:
654 3967 693 4047 μι)
721 3967 770 4027 καὶ
790 3967 883 4026 PMV
908 3962 918 4044 ΙΙ
948 3965 1042 4052 λάθῃ]
1063 3968 1142 4044 luen
1161 3968 1192 4026 Μ
1217 3962 1226 4045 I)
1253 3962 1294 4043 μὴ
1319 3995 1355 4003 -

91 4121 94 4127 .
181 4067 340 4149 πτέρυγας]
366 4067 405 4147 μή
429 4089 463 4145 με
482 4067 562 4150 λάθγ
584 4065 677 4125 παῖδα
701 4062 800 4144 λαβὼν
825 4061 969 4144 πτέρυγας
999 4085 1035 4124 ex
1058 4066 1173 4125 schedis
1198 4060 1358 4136 Thryllitz-

183 4167 313 4226 sehianis
336 4166 474 4224 Klotzius
498 4166 516 4222 l.
537 4181 560 4222 e.
585 4162 688 4236 edidit,
713 4164 765 4238 qui
788 4165 946 4239 praeterea
969 4184 998 4239 p.
1016 4167 1054 4222 77
1080 4178 1111 4220 σε
1130 4179 1184 4236 pro
1204 4179 1238 4236 με
1257 4159 1359 4234 inepte
