3008 4958
640 297 854 359 ...17-

160 464 361 523 Reticentiam
387 464 413 522 si
436 463 557 537 statuis
581 459 701 541 Νέστωρ
724 459 779 538 τὴν
803 460 930 539 Παφίην
952 463 1125 538 ponendum
1147 468 1207 541 est,
1231 464 1335 523 eodem

159 563 248 622 modo
268 582 328 639 quo
347 561 512 636 Antipater
530 564 631 621 noster
653 562 690 620 A.
710 561 742 619 P.
762 560 805 618 IX
826 562 898 637 241,
924 561 997 635 5sq.
1018 560 1107 620 dixit:
1130 558 1288 640 Εὐαγόρας
1308 554 1335 619 δ’

161 656 203 719 δον
227 657 333 739 χαλκὸς
356 655 423 737 όίτερ
448 655 536 717 δόλου
559 655 647 728 αὐτὸς
670 655 796 737 ἕναρχης
817 657 821 730 Ι
841 657 954 727 πάντας
977 654 1027 716 καί
1050 655 1161 734 παίσας,
1189 656 1226 718 οὐ
1255 679 1338 735 μετα-

161 755 349 836 βαλλόμενος.
372 755 456 814 Adde
481 755 613 814 eiusdem
638 756 801 833 Antipatri,
820 775 880 814 non
905 754 1021 813 Sidonii
1044 745 1097 836 (ef.
1121 754 1279 833 Weigand,
1303 756 1339 814 de

163 854 334 930 Antipatris
353 853 472 912 Sidonio
498 856 528 912 et
547 853 819 929 Thessalonicensi,
842 853 940 929 poetis
960 852 1217 930 epigrammatiois
1235 873 1265 928 p.
1281 845 1337 931 72)

164 952 348 1028 epigramma
369 950 405 1009 A.
425 951 457 1009 P.
476 951 519 1009 XI
539 955 617 1010 327:

322 1046 384 1126 Τὴν
406 1046 501 1128 ξηρὴν
525 1046 573 1108 ἐπί
596 1056 675 1108 νῶτα
697 1047 879 1125 Λυκαινίδα,
897 1046 952 1125 τὴν
973 1041 1150 1127 Ἀφροδίτης

378 1145 490 1225 λώβην,
514 1144 569 1228 τὴν
591 1144 704 1222 ἐλάφου
726 1143 837 1215 παντὸς
860 1142 1056 1225 ἀπνχοτέρην,

322 1242 445 1315 αἰπόλος
469 1231 489 1327 ᾗ
514 1243 638 1322 μεθύων
661 1241 717 1303 οὐκ
739 1239 778 1301 tle
800 1263 880 1319 ποτε,
903 1242 988 1319 φασί,
1012 1236 1140 1326 συνῴκει
1162 1275 1206 1282 -

374 1345 440 1418 Γοῖ,
462 1344 523 1420 γοῐλ
547 1349 681 1400 τοιαῦται
703 1339 855 1400 Σιδονίων
878 1337 991 1419 ίίλοχοις

163 1440 211 1498 Sic
239 1441 319 1498 onim
350 1440 554 1515 scribendum,
582 1459 642 1497 non
667 1435 730 1515 Τὴν
752 1471 789 1478 -
811 1433 952 1521 συνῴκει,
977 1440 981 1511 Ι
1006 1443 1068 1518 χοί,
1096 1443 1152 1518 poi.
1201 1442 1341 1498 Τοιαῦται

162 1535 313 1596 Σιδονίων
336 1533 447 1614 όίλοχοι,
470 1536 522 1594 ubi
547 1536 734 1596 accusativos
759 1555 795 1594 ex
814 1536 1006 1595 abominandi
1029 1537 1189 1612 particulis
1212 1540 1270 1615 χοῖ,
1293 1541 1345 1615 pei

162 1635 292 1710 pendere
317 1634 394 1692 falso
418 1634 476 1693 viri
499 1633 579 1692 docti
607 1634 645 1692 ad
672 1654 768 1692 unum
796 1653 898 1693 omnes
929 1638 1078 1693 statuunt.
1125 1633 1246 1693 Scilicet
1272 1638 1341 1710 post

163 1751 285 1792 versum
310 1735 337 1790 3.
357 1732 538 1790 sententiam
562 1731 732 1790 obscenam:
762 1725 825 1790 ‘hic
853 1725 1025 1810 subagitat'
1053 1736 1145 1808 poeta
1173 1732 1341 1793 verecunde

165 1829 334 1906 supprimit,
357 1830 466 1888 ultimo
490 1833 592 1888 autem
615 1848 706 1890 versu
728 1828 941 1906 Lycaonidem‚
969 1831 1128 1889 mulierem
1157 1830 1339 1888 deformissi-

165 1946 253 2002 mam,
277 1926 386 1986 Sidone
410 1927 567 1986 oriundam
591 1946 664 2001 esse,
689 1928 769 2004 quod
798 1928 941 2003 oppidum
964 1928 1184 2003 pulcherrimas
1207 1927 1343 2005 feminas,

165 2025 308 2082 nimirum
331 2025 473 2102 Europen
493 2026 640 2103 Didoque,
664 2025 799 2101 ediderit,
824 2025 966 2083 admirari
990 2025 1064 2084 satis
1088 2045 1148 2085 non
1167 2028 1276 2101 potest.
1300 2056 1343 2065 -

165 2121 209 2179 De
232 2123 332 2199 ellipsi
360 2124 397 2182 ef.
420 2127 577 2199 praeterea
600 2123 761 2199 Euripides
786 2122 897 2181 Electr.
917 2126 958 2182 43
987 2119 1026 2200 liv
1050 2117 1161 2183 οὔποθ’
1192 2119 1269 2202 ἁνὴρ
1293 2120 1343 2182 όδε

166 2251 206 2260 -
234 2217 354 2279 σύνοιδεΙ
385 2243 434 2298 μοι
457 2221 575 2301 Κύπρις
600 2215 669 2301 (ubi
695 2239 816 2281 versum
846 2221 898 2296 qui
930 2222 1021 2298 volgo
1050 2222 1189 2298 sequitur
1216 2215 1343 2304 χἸσχυνεν

165 2315 254 2400 εὐνῇ·
277 2314 429 2395 παρθένος
448 2312 476 2376 δ’
498 2312 540 2377 ἔτ’
561 2316 621 2378 ἐστὶ
640 2316 678 2395 δὴ
701 2317 859 2376 Nauekius
878 2319 1044 2377 rectissime
1064 2320 1150 2378 obelo
1170 2314 1344 2398 transfixit),

165 2415 382 2490 Aristophanes
406 2414 495 2490 Vcsp.
522 2417 606 2473 1178
636 2411 733 2472 ἔπειτα
761 2407 789 2472 δ’
819 2410 858 2485 ὡς
892 2410 908 2473 δ
938 2415 1118 2494 Καρδοπίων
1142 2413 1197 2492 την
1225 2414 1344 2496 μητέρα,

165 2512 340 2569 Xenarchus
368 2512 405 2568 fr.
432 2515 466 2588 4,
489 2515 527 2571 16
549 2531 591 2589 sq.
616 2505 729 2592 (Koch)
766 2509 816 2570 καί
846 2505 934 2571 τῶνδ’
974 2511 1099 2590 ἑκάστην
1132 2512 1210 2572 ἔστιν
1242 2511 1345 2592 ἀδεῶς,

165 2607 297 2685 εὐτελῶς,
318 2611 322 2678 Ι
344 2601 413 2686 μεθ’
437 2604 566 2688 ἡμέραν,
588 2607 662 2688 πρὸς
685 2606 827 2689 ἕσπίραν,
850 2609 963 2681 πάντας
988 2609 1127 2689 τρόπους,
1151 2612 1284 2671 Philemo
1308 2613 1345 2672 fr.

168 2710 271 2784 126‚1
295 2698 410 2788 (Koch)
431 2716 488 2784 μῦς
511 2706 624 2784 λευκός,
648 2705 718 2767 ὅταν
742 2704 836 2783 αὐτήν
855 2729 909 2785 τις,
931 2740 968 2749 -
990 2702 1052 2766 ἀλλ’
1078 2708 1254 2788 αἰσχύνομαι
1274 2705 1279 2788 Ι
1299 2706 1344 2770 λί-

165 2826 228 2884 χειν
246 2836 282 2845 -
307 2800 427 2884 κέκραγε
450 2809 623 2882 τηλικοῦτον
646 2801 777 2881 eddecel
799 2802 803 2883 Ι
823 2804 995 2884 κατάρατος,
1019 2798 1086 2876 ὥςτ’
1112 2804 1167 2865 οὐκ
1192 2804 1251 2865 ἔστι
1273 2811 1345 2866 πολ-

166 2901 249 2972 λάκις
273 2905 388 2979 λαθεῖν,
412 2903 590 2963 Theocritus
613 2904 652 2963 id.
671 2904 687 2961 I
708 2906 769 2962 105
796 2900 832 2962 ori
863 2900 972 2982 λέγεται
1000 2900 1054 2962 τὰν
1083 2902 1202 2983 Κύπριν
1233 2899 1248 2962 ὃ
1272 2905 1345 2983 βου-

167 2997 267 3071 κόλος;
293 3000 445 3076 Meleager
468 3002 503 3060 A.
523 3001 554 3059 P.
579 3001 607 3057 V
629 3002 739 3077 184,5
765 2997 818 3077 οὐχ
847 2996 1076 3080 δπερίβλεπτός
1110 3018 1141 3060 σε
1164 2999 1281 3075 Κλίων;
1315 3007 1346 3062 et

168 3089 218 3175 (de
241 3091 446 3176 paedicatore)
470 3098 529 3156 XII
549 3099 600 3174 94,
621 3101 640 3155 4
664 3094 735 3156 ἀλλὰ
759 3096 796 3156 σὺ
821 3092 874 3174 μὲν
903 3097 1015 3173 ψαύοις
1038 3086 1279 3182 διπαλόχροος,ᾧ
1304 3097 1346 3177 δὲ,

170 3191 333 3270 Φιλόκλεις,
352 3195 358 3269 Ι
378 3191 512 3272 ίμβλεπε,
530 3199 569 3278 τῷ
593 3191 624 3254 δὲ
643 3195 731 3274 λοίλει,
750 3193 802 3254 τὸν
821 3191 852 3254 δὲ
867 3238 874 3254 .
889 3239 897 3255 .
912 3240 919 3254 .
933 3194 965 3255 τὸ
984 3193 1168 3275 λειπόμενον,
1187 3198 1345 3258 Parmenio

167 3292 203 3350 A.
223 3293 255 3350 P.
274 3292 302 3349 V
323 3294 373 3368 34,
395 3295 411 3350 1
438 3287 470 3350 Ὁ
497 3292 573 3364 Ζεὺς
601 3291 656 3371 τὴν
684 3293 809 3370 Δανάην
836 3302 961 3373 χρυσοῦ,
993 3292 1074 3373 κόιχὼ
1105 3292 1136 3354 δὲ
1167 3291 1198 3354 σὲ
1225 3304 1346 3374 χρυσοῦ,

166 3390 318 3449 Lucienus
337 3391 415 3449 Dial.
433 3391 521 3450 Deor.
540 3394 589 3469 15,
606 3396 622 3450 2
639 3390 695 3472 ἐγὼ
715 3388 746 3466 δὲ
765 3388 823 3469 ἤδη
838 3388 908 3451 ποτὲ
922 3390 976 3469 την
989 3387 1178 3472 Ἀφροδίτην,
1198 3392 1346 3471 Georgius

168 3489 366 3564 Pachymeres
385 3488 546 3566 Progymn.
564 3494 581 3550 6
602 3486 703 3567 (Rhet.
724 3489 789 3568 Gr.)
808 3491 868 3549 vol.
887 3490 903 3547 I
920 3511 949 3566 p.
966 3494 1038 3568 562,
1060 3495 1101 3550 24
1122 3485 1237 3570 (Walz)
1257 3490 1346 3571 ίίβριν

167 3584 217 3645 καί
240 3586 392 3666 λοιδορίαν
415 3594 473 3644 τῶν
496 3591 634 3665 πολιτῶν,
657 3585 697 3658 ὡς
722 3583 737 3646 δ
762 3586 845 3646 δεῖνα
867 3595 920 3646 τοῦ
944 3587 1043 3659 δεῖνος
1065 3585 1120 3666 τὴν
1143 3587 1281 3668 γαμετήν.
1302 3622 1343 3631 «-

167 3684 273 3760 Neque
297 3685 387 3743 aliter
410 3685 570 3760 scriptores
594 3685 696 3744 Latini
715 3686 858 3745 locuntur
881 3686 918 3745 cf.
943 3687 1102 3745 Terentius
1124 3687 1262 3745 Eunuch.
1281 3690 1344 3748 479

168 3780 246 3857 Ego
269 3782 375 3839 lllnm
399 3783 619 3858 eunuchum,
643 3782 674 3840 si
697 3784 786 3858 opus
809 3784 896 3856 siet,
921 3785 979 3844 vel
1003 3785 1158 3843 sobrius.
1189 3784 1345 3844 Heauton·

169 3877 233 3935 tim.
254 3881 316 3936 912
337 3897 379 3954 sq.
404 3877 670 3956 Quemquamne
694 3881 811 3939 animo
841 3885 914 3940 tam
944 3882 1034 3940 comi
1067 3901 1144 3940 esse
1178 3886 1240 3941 aut
1273 3884 1346 3941 leni

169 3978 289 4051 putaS,
314 3974 318 4049 Ι
345 3976 408 4051 qui
435 3981 469 4034 se
497 3978 645 4038 vidente
674 3983 822 4037 amicam
850 3979 1018 4054 patiatur
1051 3979 1169 4038 suam?
1206 3979 1346 4040 Catullus

170 4071 269 4130 CXIII
294 4076 309 4130 1
332 4091 374 4148 sq.
407 4072 561 4133 Consule
593 4077 761 4152 Pompeio
793 4077 945 4152 primum
978 4079 1060 4155 duo,
1093 4076 1218 4155 Cinna,
1252 4080 1346 4137 sole-

169 4169 257 4230 bant
281 4161 285 4249 Ι
310 4169 504 4230 Mucillam.
549 4172 703 4251 Vergilius
727 4176 829 4234 Bucol.
849 4175 991 4252 lllssq.
1020 4175 1193 4234 Novimus
1223 4180 1257 4235 et
1285 4178 1346 4253 qui

169 4270 217 4345 te,
249 4271 461 4329 transversa
493 4270 683 4330 tuentibus
715 4274 839 4349 hircis,
864 4272 868 4346 Ι
894 4277 930 4332 et
957 4294 1024 4348 quo
1055 4305 1092 4314 -
1124 4274 1185 4332 sed
1214 4274 1345 4334 faciles

169 4366 352 4442 Nymphae
376 4367 488 4425 risere
512 4399 549 4407 —
567 4370 709 4429 sacello.
745 4371 889 4430 Horatius
908 4372 1002 4449 Epod
1024 4373 1081 4431 Xll
1099 4375 1139 4432 15
1159 4372 1342 4432 Inachiam

230 4474 401 4528 sternuere,
417 4475 521 4525 sepone.
535 4477 667 4518 sere-va.
1117 4478 1133 4526 κ
