3008 4958
630 324 667 334 -
716 287 847 368 29,-

148 461 231 517 1843
250 491 288 500 -
305 479 333 534 p.
351 449 430 536 238)
446 455 567 514 exhibet
584 450 593 533 Ι]
611 452 735 535 ἐρείσας]
756 452 887 534 ἐρείσσας
905 454 968 512 MV
986 450 996 531 Ι]
1015 447 1035 512 3
1057 454 1149 533 χείλεά
1167 452 1209 530 τε]
1229 453 1322 534 χείλεα

147 552 178 614 δὲ
193 557 392 615 Ruhnkenius
412 575 447 613 ex
468 573 521 614 suo
542 559 714 636 apographo
731 555 834 630 edidit,
854 571 984 629 quocum
1003 555 1211 630 apographum
1225 553 1321 630 Lipsi-

147 674 217 713 ense
246 655 378 713 concinit
412 654 448 712 of.
481 650 621 715 Reiskius
651 656 816 716 Miscellan.
845 652 926 726 Lips.
958 650 1034 709 Nov.
1063 652 1121 711 vol,
1141 650 1183 708 IX
1211 673 1239 727 p.
1261 656 1322 711 142

146 771 175 809 n.
192 754 256 810 320
274 746 285 829 Ι]
302 748 414 829 βαλὼν]
435 772 470 810 ex
489 753 661 813 coniectura
677 751 818 813 Salmasii
832 748 947 824 scripsi,
967 767 1043 823 quae
1063 749 1156 806 etiam
1174 749 1205 806 in
1221 751 1321 808 Ruhn-

147 849 230 906 kenii
244 850 451 926 apographum
466 853 496 909 et
514 853 633 910 textum
646 850 804 928 migrarit3
820 843 918 925 λαβὼν
930 844 1022 902 PMV
1036 848 1067 904 et
1080 846 1171 922 volgo
1187 848 1223 905 cf.
1235 846 1322 905 Euri·

149 946 233 1019 pides
249 946 351 1022 Suppl.
364 950 446 1007 1021
459 956 554 1028 χρῶτα
564 946 652 1029 χρωτὶ
664 945 754 1019 πέλας
769 941 882 1024 θεμένα
892 944 927 1002 cl.
939 943 1091 1020 Meleagro
1103 943 1175 1002 A.P.
1185 945 1244 1002 XII
1253 948 1324 1022 125,

150 1046 221 1119 3sq.
240 1041 295 1123 ἐγὼ
314 1039 342 1103 δ’
359 1042 460 1130 ἁπαλῷ
474 1044 541 1127 περὶ
555 1045 641 1126 χρωτὶ
661 1046 666 1122 Ι
687 1042 791 1124 στέρνα
804 1040 912 1122 βαλών.
944 1042 990 1098 De
1005 1042 1228 1101 constructione
1246 1061 1323 1103 com-

148 1145 247 1217 parari
266 1148 393 1218 possunt
410 1145 573 1221 Euripides
597 1146 683 1203 Here.
708 1145 766 1201 fur.
787 1143 849 1200 987
874 1134 1015 1216 καὶπρὸς
1038 1133 1153 1217 γένειον
1176 1144 1256 1219 χεῖρα
1274 1137 1324 1199 καί

148 1235 236 1318 δέρην
259 1237 358 1318 βαλὼν
382 1245 413 1300 et
437 1243 615 1301 Theocritus
639 1243 682 1300 Id.
702 1240 801 1298 XXIV
825 1240 865 1298 59
886 1229 1035 1313 Ἀλκμήνα
1058 1232 1113 1314 μὲν
1136 1233 1234 1297 ἔπειτα
1256 1237 1323 1297 ποτὶ

147 1333 288 1418 σφέτερον
306 1337 376 1416 βάλε
395 1338 506 1398 κόλπον
527 1332 531 1419 Ι
552 1337 643 1419 ξηρὸν
667 1336 741 1398 ὑπαὶ
764 1334 862 1405 δείους
886 1331 1049 1412 άκράχλοον
1070 1326 1204 1413 Ἰφικλῆα
1221 1330 1232 1413 t
1249 1333 1323 1414 πρὸς

147 1433 253 1515 χρῶτα]
273 1434 442 1515 πρόςχρωτα
460 1437 500 1513 M,
519 1437 658 1512 idemque
673 1437 792 1495 Hecker
806 1432 971 1492 Comment.
995 1431 1065 1491 eris.
1080 1453 1109 1508 p.
1121 1435 1162 1492 56
1184 1434 1323 1511 coniecit;

147 1532 178 1589 in
203 1532 230 1588 V
253 1529 327 1611 πρὸς
358 1540 452 1612 χρῶτα
480 1536 576 1610 extat,
605 1535 657 1592 sed
682 1554 699 1592 a
722 1535 818 1609 primo
842 1531 983 1589 librarius
1011 1537 1164 1609 προχρῶτα
1192 1531 1322 1591 dederat.

149 1662 191 1668 —
216 1627 395 1707 Πρόςχρωτα
418 1631 619 1690 necessarium
643 1633 730 1707 foret,
755 1631 780 1689 si
803 1625 903 1707 λαβὼν
926 1629 957 1685 in
980 1631 1067 1686 textu
1089 1629 1325 1706 relinqueretur3

150 1746 210 1802 qua
234 1727 384 1802 scriptura
405 1727 534 1803 probate
556 1729 649 1787 etiam
668 1747 784 1787 comma
807 1729 876 1802 post
899 1721 1061 1803 συμπιέσας
1085 1719 1126 1807 (v.
1148 1722 1181 1806 2)
1206 1727 1324 1804 flagita-

149 1827 246 1898 retur,
274 1827 310 1882 ut
338 1843 395 1884 vox
423 1818 591 1904 Ἀντιγόνης
615 1821 656 1905 (v.
673 1823 706 1905 3)
735 1826 773 1883 ad
801 1824 959 1900 sequentia
986 1823 1165 1901 pertineret3
1196 1826 1326 1883 alterum

151 1941 220 1981 vero
245 1922 379 1980 eiusdem
402 1923 538 1982 adverbii
561 1924 730 1998 exemplum
754 1923 835 1998 apud
853 1921 1079 1980 Artemidorum
1098 1921 1262 1982 Onirocr.I
1283 1926 1322 1982 79

148 2041 176 2094 p.
198 2023 269 2094 121,
290 2022 329 2078 13
351 2013 456 2101 (Reiff)
477 2024 573 2080 extet:
597 2020 691 2092 οίίτως
716 2018 793 2091 εἰκὸς
816 2017 866 2079 καὶ
888 2016 1071 2099 ἀνθρώπους
1089 2017 1120 2079 τὸ
1141 2015 1194 2097 μέν
1215 2019 1325 2080 οἰκεῖον

149 2124 244 2195 σχῆμα
271 2115 303 2176 τὸ
331 2126 501 2199 προςχρῶτα
528 2115 620 2197 ἐχειν,
652 2119 705 2176 ubi
739 2121 866 2177 accentu
893 2120 1024 2176 retracto
1056 2115 1225 2197 πρόςχρωτα
1257 2138 1326 2177 cum

149 2216 299 2274 Herchero
333 2216 522 2274 scribendum
556 2216 592 2274 cf.
626 2216 803 2276 adverbium
835 2215 987 2294 σύγχρωτα
1024 2216 1128 2274 eodem
1166 2235 1257 2274 sensu
1289 2216 1326 2274 ab

150 2313 339 2372 Artemidoro
363 2314 378 2370 I
400 2317 438 2372 79
463 2335 492 2389 p.
514 2315 590 2389 116,
613 2317 661 2372 17.
683 2316 738 2389 203
770 2316 840 2388 190,
867 2315 906 2372 18
936 2312 1106 2372 adhibitum
1128 2311 1138 2388 Ι]
1160 2312 1248 2372 λοιπά
1276 2309 1326 2391 Ρ]

149 2404 171 2468 4
191 2411 302 2489 μάρτυς
321 2404 370 2486 ἐφ’
394 2403 451 2485 οἷς]
467 2403 516 2486 ἐφ’
538 2403 582 2480 οἷς
602 2408 713 2489 μάρτυς
732 2411 762 2468 iu
783 2411 899 2468 schedis
918 2411 1198 2486 Thryllitzschianis
1212 2412 1305 2470 habes
1318 2404 1327 2493 Ι]

150 2507 260 2587 μάρτυς
283 2501 331 2583 ἐφ’
353 2501 398 2578 οἷς
417 2507 523 2586 λύχνος
542 2505 733 2587 ἐπεγράφετο]
753 2508 858 2587 λύχνος
881 2501 931 2584 ἐφ’
954 2501 998 2579 οἷς
1017 2506 1128 2588 μάρτυς
1147 2506 1325 2589 ἐπεγράφετο

150 2625 185 2663 ex
209 2606 382 2682 apographo
406 2606 556 2681 Lipsiensi
574 2607 715 2664 Reiskius
739 2607 758 2664 l.
778 2628 802 2665 c.
822 2606 916 2664 edidit
933 2601 944 2682 ll
961 2603 1154 2685 ἐπεγράφετο]
1180 2627 1198 2665 a
1221 2609 1326 2666 Ruhn-

149 2704 238 2762 kenio
262 2704 475 2763 addubitatum
499 2723 562 2764 esse
586 2704 663 2764 falso
682 2704 865 2763 Boissonade
891 2704 972 2780 apud
990 2704 1185 2762 Duebnerum
1203 2706 1326 2765 adserit.

540 2893 659 2958 XVIII.
684 2893 930 2979 Μελεάγρου.

273 3014 435 3098 Ἤθελον,
459 3012 485 3079 ὦ
508 3017 689 3103 κιθαρφὸέ,
713 3018 881 3102 παραστάς
905 3019 948 3093 ὡς
971 3022 1161 3100 κιθαρίζεις,

332 3124 393 3205 την
417 3122 545 3205 ὑπάτην
563 3132 715 3208 κροῦσαι,
739 3124 799 3205 την
822 3145 857 3187 τε
880 3122 985 3207 μέσην
1004 3126 1151 3208 χαλάσαι.

585 3298 747 3354 Adnototio
767 3298 890 3354 ethica:

239 3432 275 3490 A.
295 3433 327 3490 Ρ.
346 3431 374 3488 V
395 3436 445 3507 99,
469 3432 522 3490 ubi
545 3432 573 3490 A
600 3432 642 3503 είς
669 3437 797 3511 γυναῖκα
825 3407 860 3510 od
884 3426 917 3514 (i.
943 3453 966 3492 e.
996 3427 1184 3514 ὀρχηστρίδα)
1213 3430 1325 3512 άὸηλον

150 3530 279 3604 scripsit.
325 3531 471 3607 Meleagri
494 3550 602 3589 nomen
627 3551 644 3587 a
667 3531 733 3588 MV
758 3531 894 3590 oblatum
918 3532 992 3589 mihi
1017 3533 1139 3609 quidem
1163 3533 1325 3592 admodum

151 3631 324 3702 suspectum
349 3631 403 3686 est.

241 3717 258 3781 l
285 3716 321 3799 ὦ]
341 3725 370 3782 in
395 3727 419 3783 P
442 3726 485 3784 ita
509 3726 645 3786 exaravit
669 3728 708 3798 A,
737 3729 773 3784 ut
796 3727 920 3802 spiritus
951 3731 982 3787 et
1006 3733 1146 3788 accentus
1170 3749 1229 3788 non
1253 3730 1326 3788 satis

151 3822 301 3895 perspicui
329 3827 442 3900 essent3
470 3825 574 3900 itaque
604 3825 690 3900 signa
717 3823 926 3883 manifestiora
950 3824 971 3882 Ο
996 3826 1105 3884 adiecit
1123 3822 1133 3904 A
1151 3847 1230 3904 παρα
1257 3825 1327 3898 στάς

153 3919 188 3992 P;
217 3919 253 3975 de
282 3921 413 3994 spondeo
444 3922 474 3978 in
504 3922 560 3979 hac
591 3941 696 3982 versus
725 3921 795 3980 sede
823 3922 978 3981 conlocato
1007 3923 1043 3980 cf.
1075 3924 1112 3981 ad
1136 3945 1162 3982 n.
1183 3924 1213 3980 II
1238 3927 1252 3980 1
1274 3918 1323 4000 {12

151 4011 205 4090 τὴν
229 4036 257 4072 τε
284 4017 320 4072 M.
1058 4019 1070 4035 ⁹

573 4137 659 4202 XlX.
678 4133 899 4222 Ῥουφίυου.

240 4255 329 4343 Μήτ’
357 4259 474 4342 ἰσχνὴν
498 4263 573 4342 λίην
595 4264 829 4346 περιλάμβαυε,
853 4267 933 4347 μήτε
956 4274 1113 4347 παχεῖαν·

317 4365 445 4431 τούτων
470 4360 500 4430 d’
526 4365 724 4450 ἀμφοτέρων
747 4371 809 4452 τὴν
831 4371 993 4453 μεσότητα
1016 4371 1103 4437 θέλε.
