3008 4958
584 283 869 365 ⁴-129--

250 439 309 491 Iam
328 440 424 506 restat,
440 441 472 491 ut
492 438 618 492 eiusdem
636 439 747 507 generis
767 439 845 492 locos
864 437 1011 507 adponam,
1031 439 1132 508 quibus
1151 439 1207 510 ipsi
1225 441 1338 497 codices

161 527 310 597 pristinam
338 527 506 596 scripturam
531 532 685 582 servarunt.
724 527 799 592 Quos
824 526 914 581 omnis
938 528 1104 597 suspicionis
1126 529 1254 585 inmunes
1277 548 1338 586 esec

161 617 297 671 concedas
316 632 429 671 necesso
449 617 500 683 est,
522 616 546 669 si
561 616 646 670 modo
660 618 783 670 nostram
799 618 834 669 de
849 615 990 686 digammo
1005 616 1172 672 sententiam
1187 619 1337 688 acceperis.

163 705 235 759 Sunt
254 721 320 759 vero
338 704 381 759 hi:

257 811 342 877 llll,
360 817 408 864 142
423 808 591 882 Ἓκτορ,*)
611 810 686 874 εἶδος
705 812 809 882 ἄριστε,
828 810 918 881 μάχης
937 811 993 879 άρα
1012 811 1114 866 πολλὸν
1134 808 1243 879 ἐδεύεο,

300 907 343 968 23,
359 908 411 954 493
429 907 451 953 Α
458 898 560 971 ἷαν**)
577 900 718 972 Ἰδομενεῦ
737 921 775 968 τε,
795 909 897 967 κακῶς,
916 895 978 954 ἐπεὶ
996 899 1062 955 οῦδὲ
1083 898 1183 967 ἔοικεν,

252 989 339 1058 Oua,
355 995 405 1043 472
427 987 587 1058 οἷνον***)
608 989 800 1059 οἰνοχοεῦντες
819 985 862 1043 ἐνὶ
880 986 1008 1060 χρυσέοις
1026 988 1186 1056 δεπάεσσιν,

314 1085 338 1145 8,
354 1084 405 1132 216
426 1075 456 1132 εὖ
476 1076 528 1148 μὲν
546 1076 681 1149 τόξονῒ)
701 1076 766 1133 οἶδα
786 1074 884 1144 ἒόξοον
903 1077 1131 1149 ἀμφαφάασθαι.

161 1203 285 1273 Adiungi
312 1205 431 1273 possunt
459 1204 586 1272 exempla
613 1203 677 1273 plus
706 1203 905 1274 quadraginta,
927 1203 978 1257 ubi
1001 1202 1126 1272 syllabae
1149 1204 1248 1259 breves
1274 1223 1338 1261 con-

162 1291 325 1347 sonantibus
343 1292 510 1346 terminatae
532 1292 562 1345 in
582 1293 656 1346 thesi
674 1293 866 1361 producuntur
884 1292 981 1347 formis
1001 1286 1033 1346 εὖ
1052 1294 1082 1345 et
1104 1289 1135 1345 οἷ
1148 1291 1336 1362 praemissam

162 1381 211 1435 sed
234 1382 268 1435 de
287 1380 332 1435 his
350 1380 407 1434 iem
427 1379 571 1433 Hartelius
591 1381 695 1450 optime
716 1381 848 1436 disseruit
867 1398 891 1435 o.
907 1382 925 1436 l.
945 1400 971 1450 p.
987 1386 1020 1436 72
1032 1399 1091 1450 sqq.

251 1471 319 1539 Pag.
344 1469 425 1523 106*.
452 1468 559 1539 Κάρτεϊ
583 1478 683 1540 χειρῶν
707 1470 736 1524 in
762 1487 859 1526 versus
884 1471 939 1525 fine
963 1470 1038 1539 apud
1059 1470 1219 1540 Oppianum
1238 1471 1338 1542 Syrum

163 1559 266 1628 Cyneg.
287 1559 326 1613 IV
346 1563 380 1612 48
404 1558 535 1626 recurrit,
560 1561 715 1614 hexametri
735 1559 892 1615 clausulam
902 1559 1007 1630 -noiorc'c
1024 1562 1112 1630 χοιίον
1131 1560 1167 1614 ab
1186 1561 1338 1631 Apollonio

161 1647 274 1702 Rhodio
295 1647 440 1717 Oppianus
467 1647 548 1717 Cylix
572 1648 696 1704 Halieut.
723 1648 763 1703 ΙΙΙ
782 1655 833 1704 281
860 1649 951 1719 (ἄλλοι
976 1648 1004 1703 δ’
1027 1649 1137 1723 ἰφθίμῳ
1162 1671 1192 1706 τε
1219 1653 1265 1723 βίχ
1290 1650 1338 1705 καὶ

162 1735 282 1806 κάρτεϊ
306 1735 412 1805 ’χρίων
435 1741 439 1807 Ι
462 1737 643 1809 πειθόμενοι)
666 1740 810 1793 mutuatus
837 1741 893 1808 est,
919 1739 1003 1793 sicuti
1029 1740 1115 1793 etiam
1140 1739 1257 1810 phrasin
1282 1740 1337 1793 ὑπὸ

162 1824 272 1894 κνέφας
291 1828 368 1896 (pag,
384 1832 426 1893 80,
442 1834 458 1881 2
478 1831 572 1896 snpra)
591 1826 621 1881 in
640 1846 722 1882 usum
741 1846 822 1883 suum
841 1829 982 1884 convertit
1000 1829 1034 1884 cf,
1055 1828 1117 1884 Hal.
1138 1828 1178 1882 IV
1193 1836 1227 1883 66
1247 1836 1337 1897 φῶτες

161 1915 227 1970 ὑπὸ
252 1923 365 1986 σκιερίχς
391 1916 491 1977 νυκτὸς
513 1914 657 1986 κνέφας,
682 1917 767 1985 ἡνίκα
790 1917 865 1988 μήνη
884 1920 914 1973 et
932 1924 983 1971 641
1005 1914 1062 1972 εὖτ’
1085 1916 1121 1971 όιν
1145 1917 1208 1972 ὑπὸ
1227 1926 1338 1987 πρῶτον

162 2003 264 2067 νοκτὸς
282 2003 412 2073 κνέφας
431 2005 591 2072 ἰισπαλιῆες.

250 2093 319 2163 Pag.
341 2100 400 2162 112,
415 2101 457 2150 31.
491 2095 597 2148 Vocem
622 2093 708 2164 ἰχθὺν
733 2096 835 2149 ultima
857 2095 938 2150 brevi
961 2097 1066 2150 elatam
1090 2097 1164 2167 apud
1183 2097 1336 2151 Pindarum

162 2183 340 2238 Herodianus
364 2183 485 2252 legerat,
510 2183 588 2238 cuius
611 2185 681 2238 haec
705 2189 770 2239 sunt
794 2187 881 2239 verba
904 2185 992 2240 roll
1016 2205 1043 2255 p.
1063 2193 1208 2254 416,1sq.
1233 2185 1337 2256 ἰχθῦν

162 2272 293 2338 ὀξύνεται
317 2271 396 2342 παρά
421 2271 570 2345 Πινδάρῳ,
598 2272 658 2327 ἐπεὶ
686 2274 775 2346 βραχὺ
801 2274 831 2328 τὸ
858 2280 876 2328 ὗ
901 2281 950 2342 τῆς
975 2273 1132 2344 αἰτιατικῆς
1154 2283 1204 2344 τῆς
1221 2272 1338 2337 εὐθείας

162 2361 271 2430 μακρὸν
291 2359 406 2430 ἐχοόοης
424 2359 473 2413 καὶ
486 2360 652 2430 παραλόγως
667 2361 941 2433 περισπωμένης.ῆ)
958 2395 989 2402 -
1010 2363 1186 2418 Nominativi
1200 2364 1337 2433 exemplis

163 2448 231 2501 addi
248 2450 379 2518 po'ssnnt:
399 2447 550 2518 Gregorius
570 2452 762 2506 Nazianzenus
783 2452 874 2509 Oarm.
894 2452 908 2504 I
928 2459 941 2505 1
966 2471 993 2506 n.
1014 2458 1039 2519 8,
1054 2460 1087 2506 43
1107 2451 1163 2507 αἰεὶ
1183 2452 1212 2507 δ’
1234 2452 1246 2507 ἰ
1250 2454 1337 2523 χθῦς

163 2536 288 2599 άναοδος
305 2537 393 2607 ὑχρὴν
412 2539 578 2610 διανήχεται
597 2539 687 2610 άλμην
712 2543 740 2595 et
763 2545 849 2610 poeta
872 2542 994 2594 incertus
1019 2543 1093 2610 apud
1112 2542 1136 2596 J.
1156 2543 1190 2596 H.
1206 2542 1337 2596 Vossinm

163 2627 200 2680 ad
218 2626 300 2682 Arati
313 2628 464 2682 Phaenom.
479 2636 531 2684 385
550 2630 649 2698 δελφὶς
668 2631 833 2700 ἀνθρώποις
852 2631 949 2692 εόνοος
969 2629 1070 2701 ἰχθὺς
1088 2632 1155 2697 ἀεί,
1175 2647 1227 2686 nco
1243 2634 1337 2686 tamen

164 2715 309 2786 Oppianus
323 2716 447 2773 Halicut.
462 2718 500 2772 IV
515 2724 550 2772 44
568 2718 651 2781 ἄλλος
665 2715 783 2785 ἐπαΐξας
801 2717 944 2790 πρόμαχος
958 2719 1062 2789 σκάρος
1077 2718 1180 2790 ἰχθὺς
1199 2720 1314 2775 ὀδοῦσιν
1331 2721 1334 2793 l

163 2803 263 2875 δρμιὴν
286 2804 436 2875 ἀπέκερσε,
460 2809 559 2877 utpote
583 2807 631 2875 qni
655 2825 765 2877 semper
788 2810 823 2862 ad
847 2809 992 2878 volgarem
1018 2807 1156 2863 rationem
1175 2825 1204 2862 se
1224 2808 1336 2864 adcom-

161 3039 288 3092 litteram
315 3036 505 3106 protheticam
532 3036 701 3092 sustulerim.
723 3032 868 3091 ¹Fortasse
896 3036 982 3092 etiam
1012 3038 1062 3093 Od.
1077 3045 1103 3106 4,
1118 3046 1170 3093 360
1201 3038 1275 3095 ἔνθα
1304 3039 1334 3112 μ’

163 3123 314 3181 ἐείκοσιν
333 3122 419 3195 ἤματ’
436 3123 505 3194 ἔχον·
519 3127 594 3192 θεοί,
613 3123 758 3179 οὐδέποτ’
775 3121 855 3195 οὖροι
870 3126 899 3179 ct
913 3132 938 3192 6,
955 3131 1004 3180 169
1024 3124 1054 3189 ός
1072 3125 1104 3180 κέ
1119 3126 1146 3181 σ’
1164 3123 1336 3184 ἐέδνοισιν

163 3218 260 3287 βρίσας
278 3211 387 3269 οἶκόνδ’
408 3213 549 3285 άχάχηται
567 3214 731 3283 legendum:
750 3235 784 3284 με
804 3205 910 3268 ὲίκοσιν
929 3217 957 3268 et
975 3232 1005 3268 σε
1026 3213 1157 3271 ἕδνοισιν.

251 3304 278 3373 *)
296 3303 532 3372 interpunctionis
555 3301 584 3356 vi
608 3303 702 3356 thesin
724 3302 905 3373 spondiacam
933 3304 1005 3357 effici
1024 3304 1167 3360 Hartelius
1186 3322 1211 3361 o.
1226 3306 1245 3362 l.
1263 3324 1291 3375 p.
1304 3314 1336 3361 76

163 3394 267 3447 censet.

233 3481 275 3549 **)
293 3480 433 3534 Nimirum
451 3481 514 3536 voci
531 3477 689 3552 Ἰδομενεὺς
707 3481 850 3551 digamma
867 3484 1096 3552 praeponendum
1115 3500 1176 3538 esse
1195 3486 1273 3554 puto.

217 3568 275 3637 ***)
296 3570 441 3641 Scriptura
460 3566 695 3641 ἔνοινοχοεῦντες,
714 3586 787 3639 quac
805 3572 835 3624 in
853 3587 957 3641 magna
971 3571 1099 3627 codicum
1113 3576 1193 3642 parte
1208 3574 1337 3641 occurrit,

165 3670 199 3707 ex
217 3657 335 3724 antiqua
353 3658 571 3727 interpolatione
589 3659 670 3714 fluxit
688 3660 723 3714 cf.
738 3679 764 3715 v.
780 3661 797 3713 l.
818 3661 853 3713 ad
872 3659 905 3714 ss.
920 3667 945 3727 4,
961 3669 976 3714 3
997 3666 1026 3714 et
1045 3661 1094 3715 Od.
1111 3669 1154 3732 20,
1168 3668 1228 3718 266.
1257 3662 1337 3718 Oete-

163 3759 224 3794 rnm
244 3744 335 3812 priore
353 3746 416 3801 loco
435 3744 538 3818 νέκταρ
562 3744 705 3821 ἐῳνοχόει·
729 3748 772 3803 rol
797 3746 828 3802 δὲ
853 3747 980 3818 χρυσέοις
1002 3748 1136 3804 δεπάεσσι
1159 3753 1195 3805 ad
1218 3751 1337 3807 eandem

167 3846 295 3885 normam
323 3836 529 3890 emendandum
555 3837 679 3892 videtur:
713 3836 837 3907 νέκταρ
866 3836 987 3907 οἰνοχόει
1015 3843 1069 3892 κτλ.
1108 3839 1149 3894 De
1177 3840 1337 3909 imperfecti

163 3919 253 3975 forma
271 3921 306 3976 cf.
325 3921 356 3976 Il.
373 3928 396 3991 1,
412 3928 464 3978 698
483 3928 511 3978 et
530 3925 715 3994 Od.15,141.

252 4012 281 4079 †)
301 4010 387 4065 Nulla
411 4012 441 4066 in
465 4012 545 4068 libris
571 4017 692 4071 varietas
719 4015 902 4086 conspicitur,
930 4016 1073 4070 Hartelius
1101 4036 1128 4087 p.
1145 4024 1177 4072 77
1204 4017 1286 4084 τόξον
1305 4020 1333 4089 χ’

163 4096 292 4156 coniecit.

232 4190 280 4258 1-1)
307 4189 381 4259 Ergo
407 4190 582 4245 Herodianus
607 4192 637 4246 in
667 4195 840 4250 nominativo
871 4193 999 4248 eiusdem
1029 4192 1106 4248 vocis
1131 4195 1270 4263 syllabam
1297 4219 1335 4262 ος

159 4275 343 4333 circumflexit
370 4279 404 4334 cf.
433 4283 580 4349 praeterea
602 4283 657 4337 vol.
677 4283 738 4354 l·p.
759 4288 883 4352 236,14;
913 4288 1035 4351 238,17;
1071 4290 1195 4351 403,14;
1225 4293 1330 4356 elac,

163 4368 218 4423 vol.
237 4368 262 4421 11
281 4358 311 4438 p.'
329 4374 389 4436 crs,
404 4376 452 4435 22;
472 4374 532 4438 625,
547 4376 593 4438 τι,
616 4377 676 4439 esc,
691 4379 733 4427 ιι.

215 4465 387 4523 Sternbaoh,
401 4468 506 4518 Appenni.
521 4469 654 4511 Baro-Vct.
1105 4468 1121 4515 9
