3008 4958
633 237 857 325 -XII-⁶

159 397 239 450 θῶν·
264 389 413 468 ἀθλητῶν,
436 390 469 451 ἐν
489 378 511 474 ᾧ
531 390 582 451 καί
599 390 635 450 τὰ
657 390 796 471 ἐπιγράμ-
824 384 827 481 ἡ

160 511 234 568 ματα
269 483 358 569 (adde
391 482 464 569 τῶν)
492 488 525 549 ἐν
552 495 592 573 τῷ
625 489 798 574 ἱπποδρόμῳ
824 494 827 544 λ

159 580 348 667 (ἰπποδρόμω
364 579 451 668 eod.)
467 587 798 659 κωνσταντινουπόλεως

159 679 301 763 ἡνιόχων·
316 686 448 763 βακχῶν·
462 683 619 764 βασιλέων·
633 694 798 765 γυναικῶν·

159 781 335 861 ζωγράφων·
355 781 449 853 ζώων·
472 779 592 862 ἡρώων·
615 780 720 861 ἡχοῦς·
743 788 798 841 θα-

159 877 276 956 λάττης·
291 884 386 938 θεῶν·
403 879 523 959 ἰατρῶν·
537 889 656 960 καιροῦ·
671 879 799 957 κὴπυυς·

160 976 339 1060 κιθαρῳδῶν
360 968 664 1058 (κιθαρωδῶνΟοδ.)·
683 977 799 1049 κίονας·

162 1072 281 1144 λίθους·
310 1074 430 1152 λουτρά·
457 1076 561 1147 ναούς·
591 1075 690 1152 νίκης·
719 1076 800 1148 ξενο-

161 1171 271 1248 δοχεία·
287 1169 401 1242 οἴκους·
415 1169 502 1230 ὅπλα·
517 1169 729 1251 ὀρχηστρίδων·
742 1194 801 1250 πη-

160 1268 227 1348 γάς·
242 1277 387 1345 ποιητῶν·
402 1268 513 1341 πόλεις·
529 1269 693 1346 ποταμούς·
708 1269 801 1348 προά-

161 1383 253 1426 στεια·
291 1366 436 1447 ῥητόρων·
472 1369 576 1445 σκεύη·
615 1367 801 1444 φιλοσόφων·

162 1463 314 1545 ὡρολόγια.
334 1498 371 1506 -

209 1565 251 1622 IV
259 1564 286 1622 b.
320 1558 428 1640 Ὅμοια
455 1568 516 1635 τοῖς
543 1561 577 1622 έν
609 1569 649 1647 τῷ
680 1564 802 1649 τετάρτῳ

161 1655 300 1742 (τετάρτω
320 1657 405 1737 Ood.)
434 1660 561 1740 τμὴματι
587 1660 803 1741 ἐπιγράμμασιν

161 1759 203 1830 εἰς
233 1757 350 1829 εἰκόνας
379 1755 498 1837 ἀνδρῶν
530 1757 667 1839 ἀγαθῶν·
696 1757 803 1839 ἀγωνι-

162 1865 252 1916 στῶν·
288 1858 419 1935 βακχῶν·
451 1853 608 1936 βασιλέων·
639 1865 802 1936 γυναικῶν·

160 1954 335 2035 ζωγράφων·
353 1953 450 2025 ζώων·
465 1950 584 2032 ἡρώων·
594 1952 697 2034 ἡχοῦς·
707 1961 802 2014 θεῶν·

161 2052 282 2131 ἰατρῶν·
320 2053 362 2124 εἰς
394 2052 513 2123 λίθους·
546 2052 665 2132 λουτρά·
696 2054 802 2124 ναούς·

163 2150 278 2222 οἴκους·
307 2151 416 2230 πηγάς·
445 2150 487 2221 εἰς
516 2149 632 2221 εἰκόνας
659 2146 802 2228 ποιητῶν·

161 2248 203 2318 εἰς
240 2247 356 2318 πόλεις·
395 2249 562 2326 ποταμούς·
604 2247 645 2320 εἰς
685 2247 802 2319 εἰκόνας

162 2344 308 2425 ῥητόρων·
332 2344 374 2416 εἰς
394 2345 498 2422 σκεύη·
522 2345 564 2417 εἰς
583 2344 698 2416 εἰκόνας
718 2351 802 2422 φιλο-

162 2442 281 2521 σόφων·
306 2443 347 2515 εἰς
370 2440 522 2522 ῶρολόγια.
541 2476 585 2485 -

209 2542 246 2600 V.
281 2534 332 2600 ’Ev
359 2541 433 2624 τῷδε
465 2546 505 2624 τῷ
532 2539 651 2625 πέμπτῳ
678 2541 805 2621 τμήματι

162 2635 319 2718 περιέχεται
338 2637 479 2718 ἴκφρασις
502 2639 697 2719 χριστοδώρου
716 2662 802 2718 ποιη-

165 2745 217 2796 τοῦ
240 2736 375 2814 θηβαίου
398 2736 538 2797 κοπτίτου
560 2732 696 2817 (κοπίτου
716 2729 802 2817 Οοδ.)

162 2842 221 2892 τῶν
245 2831 419 2913 ἀγαλμάτων
447 2843 506 2894 τῶν
533 2834 575 2905 εἰς
602 2833 634 2894 τὸ
659 2833 801 2912 δημόσιον

162 2931 327 3010 γυμνάσιον
346 2929 377 2991 τὸ
397 2930 643 3011 ἐπικαλούμενον·
666 2940 719 2991 τοῦ
738 2933 800 3002 ζευ-

162 3028 280 3101 ξίππου.
304 3063 347 3069 --

208 3517 259 3577 VI.
297 3510 349 3576 ’Ev
382 3517 455 3601 τῷδε
488 3521 527 3599 τῷ
565 3513 637 3600 ἕκτῳ
675 3514 801 3594 τμήματι

164 3613 373 3693 ἀναθηματικά
397 3613 599 3694 ἐπιγράμματα
619 3611 713 3693 ἔχοντι
733 3616 801 3674 τάδε

164 3712 308 3789 κεφάλαια
339 3710 510 3792 περιέχεται·
547 3711 588 3784 εἰς
623 3709 802 3792 ἀναθήματα

165 3808 351 3890 ἀγαλμάτων·
370 3810 412 3881 εἰς
427 3808 606 3887 ἀναθὴματα
620 3804 690 3890 παρ’
707 3809 802 3889 ἀθλη-

164 3919 236 3969 τῶν·
251 3906 330 3988 παρὰ
340 3906 459 3968 ἀλιέων·
474 3905 714 3988 ἀντιστρέφοντα·
723 3907 802 3989 παρὰ

166 4005 404 4087 βακχευομένων·
414 4005 572 4087 γερόντων·
587 4016 735 4086 γεωργῶν·
748 4031 801 4087 γυ-

165 4114 292 4165 ναικῶν·
315 4103 449 4185 ἐρωτικά·
473 4104 602 4165 εὐκτικά·
626 4104 668 4174 εἰς
691 4109 801 4182 θῆρας·

168 4201 320 4281 ἰσόφηφα·
344 4203 520 4282 καρκινωτά·
540 4199 619 4279 παρὰ
641 4210 801 4280 κηπωρῶν·

165 4309 322 4380 κυνηγῶν·
377 4300 555 4384 κιθαρῳδῶν
610 4292 801 4377 (κιθαρῳδῶν

853 392 964 468 φάλαια
982 391 1063 450 τάδε·
1081 391 1123 463 εἰς
1142 390 1259 462 εἰκόνας
1278 389 1335 470 ἀν-4

854 490 934 567 δρῶν
948 487 1086 569 ἀγαθῶν·
1096 486 1249 566 ἀθλητῶν·
1259 491 1332 568 βακ-

852 595 926 665 χῶν·
967 584 1123 666 βασιλέων·
1166 595 1332 667 γυναικῶν·

854 684 1029 764 ζωγράφων·
1065 685 1168 755 ζώων·
1212 681 1333 764 ἡρώων·

854 779 957 860 ἡχοῦς·
981 781 1142 859 θαλάττης·
1169 788 1263 842 θεῶν·
1287 783 1332 841 ἰα-

854 888 944 959 τρῶν·
958 889 1076 959 καιροῦ·
1095 879 1225 957 κήπους·
1244 885 1332 940 κνθα-
1406 920 1413 934 ·

854 978 959 1063 ρῳδῶν
973 972 1167 1060 (κιθαρῳδῶν
1178 974 1251 1059 ed.)'
1269 979 1333 1038 κίο-

855 1092 922 1148 νας·
945 1077 1064 1148 λίθους·
1084 1076 1203 1156 λουτρά·
1226 1077 1333 1148 ναούς·

856 1174 965 1251 Νίκης·
1003 1174 1181 1253 ξενοδοχεία·
1219 1174 1333 1245 οἴκους·

855 1270 942 1331 όπλα·
976 1269 1186 1351 ὀρχηστρίδων·
1224 1272 1332 1351 πηγάς·

855 1377 999 1445 ποιητῶν·
1028 1368 1139 1441 πόλεις·
1169 1370 1333 1448 ποταμούς·

856 1466 1025 1545 προάστεια·
1053 1465 1199 1547 ῥητόρων·
1229 1467 1332 1544 σκεύη·

857 1564 1046 1642 φιλοσόφων·
1070 1561 1238 1645 ὡρολόγιον.
1260 1598 1302 1604 -

900 2545 936 2603 V.
968 2537 1020 2603 ’Ev
1048 2543 1121 2626 τῷδε
1148 2548 1187 2626 τῷ
1213 2541 1333 2626 πέμπτῳ

856 2639 981 2718 τμήματι
1007 2638 1165 2719 περιέχεται
1191 2638 1333 2719 ἐκφρασις

856 2736 1063 2817 Χριστοδώρου
1105 2747 1229 2813 ποιητοῦ
1272 2739 1331 2814 Θη-

855 2835 944 2914 βαίου
957 2835 1104 2895 Κοπτίτου
1114 2831 1261 2913 (Κοπίτου
1270 2829 1330 2917 ed.)

854 2941 912 2992 τῶν
940 2929 1113 3012 ἀγαλμάτων
1144 2941 1203 2992 τῶν
1232 2933 1273 3005 εἰς
1300 2932 1331 2992 τὸ

855 3027 1332 3110 δημόσιονγυμνάσιον,τὸε’πικα-

855 3127 1013 3205 λοόμενον·
1028 3136 1080 3187 τοῦ
1095 3129 1277 3202 Ζευξίππον·
1292 3129 1332 3189 ἴτι

855 3221 886 3283 δὲ
910 3223 959 3284 καὶ
986 3224 1020 3284 τὰ
1048 3222 1251 3305 ἐπιγράμματα
1274 3235 1331 3286 τῶν

854 3319 886 3381 ἐν
910 3327 950 3405 τῷ
978 3321 1150 3407 ίπποδρόμῳ
1174 3326 1331 3384 Κώνσταν·
1434 3400 1437 3405 Ι

855 3418 1051 3492 τινουπόλεως
1075 3417 1212 3500 ἡνιόχων.
1235 3454 1278 3462 —

898 3518 943 3576 VI
972 3512 1024 3579 Ἐν
1039 3520 1112 3604 τῷδε
1125 3516 1246 3604 τῷέκτῳ
1261 3518 1331 3599 τμὴ-

856 3639 923 3694 ματι
953 3613 1161 3695 ἀναθηματικά
1192 3615 1330 3697 ἐπιγράμ-

856 3737 931 3791 ματα
945 3713 1039 3794 ἰχοντι
1052 3715 1120 3775 τάδε
1139 3712 1173 3774 τά
1187 3716 1332 3792 κεφάλαια

855 3809 1026 3890 περιέχεται·
1072 3812 1114 3883 εἰς
1154 3811 1332 3891 ἀναθήματα

856 3907 1041 3988 ἀγαλμάτων·
1079 3910 1121 3981 εἰς
1153 3908 1332 3990 ἀναθήματα

855 3999 925 4085 παρ’
944 4003 1096 4085 ἀθλητῶν·
1116 4008 1195 4088 παρὰ
1214 4006 1331 4068 ἀλιέων·

856 4101 1331 4186 ἀντιστρέφοντα·παράβακχευο-

856 4200 965 4280 μένων·
992 4203 1151 4284 γερόντων·
1182 4209 1331 4280 γεωργῶν·

857 4311 1019 4380 γυναικῶν·
1042 4299 1175 4380 ἐρωτικά·
1199 4297 1330 4359 εὐκτικά·
