3008 4958
631 267 871 330 -121-

163 433 311 510 siquidem
335 435 425 507 poeta
448 431 608 490 manifesto
631 431 708 508 legis
730 430 907 490 Nonnianae
931 431 1048 490 ratione
1067 431 1172 490 habita
1195 429 1264 492 ποτὶ
1281 451 1336 508 pro

87 517 90 522 ⁴
162 529 237 611 πρὸς
259 531 429 608 usurpavit.
455 559 494 568 -
519 530 565 587 Ne
593 530 683 606 primi
710 531 833 607 quidem
862 530 946 605 pedis
974 531 1159 588 structuram
1186 531 1336 607 Agathias

163 628 367 689 Scholasticus
390 629 421 687 in
444 647 547 688 casum
571 629 709 704 ancipitis
734 632 860 690 eventus
889 627 1070 687 commisisse
1098 628 1252 702 putandus
1276 631 1336 705 est,

162 727 443 804 immo.sp0ndeum
470 728 515 785 ita
537 728 714 804 formatum,
742 731 778 786 ut
797 728 904 790 thesin
931 726 1031 787 brevis
1059 726 1177 802 syllaba
1204 726 1338 786 eiusdem

163 826 282 905 generis
301 827 450 903 positione
469 826 617 902 producta
635 825 775 903 efficeret,
795 826 887 885 etiam
900 825 931 883 in
946 825 1001 883 illa
1014 843 1119 886 versus
1135 824 1203 883 sede
1221 842 1339 899 semper

166 924 286 1002 vitavit,
309 925 556 1002 quotiescumque
580 942 672 1000 opera
693 924 755 984 levi
777 924 886 983 evitari
907 926 1028 1000 poterat
1050 923 1087 983 cf.
1304 912 1307 916 ⁵

208 1069 244 1126 A.
262 1067 295 1126 P.
337 1066 365 1123 V
390 1069 463 1144 222,
483 1070 501 1127 6
526 1064 644 1146 ,Κύπρις
666 1063 806 1143 ἐνικήθη,
828 1061 998 1135 κάνεδίκαζε
1020 1063 1133 1145 Ποίρις,
1204 1138 1208 1145 ¹

311 1165 370 1223 VH
394 1167 466 1242 614,
486 1166 505 1224 8
529 1161 578 1223 καὶ
601 1162 669 1223 ποτὶ
692 1160 746 1223 τὰν
767 1154 902 1244 κραναάν
926 1162 1099 1240 Μοψοπίαν
1123 1162 1280 1244 δραμέτην,

330 1264 374 1323 IX
399 1265 471 1340 155,
492 1265 509 1320 2
536 1259 572 1322 ού
594 1260 650 1342 γὰρ
673 1260 738 1341 ἐμοὶ
760 1262 858 1348 μούνη
881 1273 972 1324 ταῦτα
994 1259 1105 1322 τέλεσσε
1129 1262 1227 1343 Τύχη,

395 1363 530 1438 482,18
556 1353 619 1432 ἶσος
642 1358 743 1439 ἔμιμνε
766 1361 858 1433 τύπος
881 1359 1177 1445 πεντεπικαιδεκάτφ,

397 1462 469 1537 619,
490 1461 508 1518 6
533 1457 665 1530 Παλλάς·
688 1457 836 1537 ἐνικήθην
859 1459 976 1538 ύδασιν,
1000 1457 1036 1520 ού
1059 1457 1182 1544 Παφίη,

394 1561 467 1635 665,
489 1562 504 1617 1
531 1550 609 1631 είξον
628 1555 694 1636 ἐμοὶ
712 1557 840 1636 Δάφνης
864 1556 943 1639 ἱερὸν
961 1555 1072 1636 κλίνας,
1096 1555 1198 1617 ἔκτοθι
1215 1555 1338 1637 πόντου,

162 1703 273 1780 quibus
292 1702 366 1761 locis
385 1701 487 1761 dedita
506 1720 597 1776 opera
615 1702 726 1761 formas
745 1699 870 1778 νικήθη,
888 1700 972 1781 πρός,
997 1723 1056 1780 μοι,
1076 1701 1174 1779 μίμνε,
1192 1701 1337 1780 νικήθην,

162 1822 213 1878 μοι
240 1801 377 1859 exclusas
405 1818 469 1858 esse
498 1799 636 1875 equidem
665 1818 843 1874 persuasum
870 1800 974 1859 babeo.
1021 1799 1195 1858 Cavendum
1226 1804 1337 1879 tamen,

163 1918 201 1957 ne
221 1918 257 1957 ex
275 1899 331 1958 hac
350 1897 559 1957 observatione
578 1898 609 1956 in
628 1897 663 1955 A.
683 1898 716 1956 P.
734 1898 777 1955 IX
797 1900 871 1971 442,
891 1900 909 1956 3
933 1897 986 1957 καί
1007 1920 1057 1975 μιν
1076 1902 1154 1975 θῆκε
1177 1898 1338 1959 σύνευνον·

163 1991 180 2054 δ
200 1989 228 2054 δ’
254 1993 287 2055 ἐκ
309 1993 420 2074 βιότοιο
442 2003 582 2074 πενιχροῦ
605 1995 735 2055 Iaccbsii
755 1996 926 2055 coniectura
946 1989 1019 2073 (vol.
1035 1997 1081 2054 ΙΠ
1099 2018 1127 2072 p.
1148 1989 1227 2076 569)
1248 1994 1338 2074 ἔθηκε

164 2085 233 2172 (pro
252 2085 345 2172 θῆκε)
366 2113 441 2170 opus
461 2113 525 2153 esse
544 2095 751 2171 concludatur,
771 2113 839 2153 cum
857 2095 1006 2172 Agathias
1025 2095 1131 2170 procul
1151 2094 1242 2154 dubio
1262 2095 1337 2155 duos

164 2192 392 2266 amphibrachus
408 2192 548 2266 deinceps
566 2191 682 2266 positos
698 2183 803 2271 (ἔθηκε
817 2185 978 2274 σύνευνον)
998 2193 1216 2269 reformidarit3
1236 2193 1337 2253 Dueb-

164 2289 228 2348 neri
252 2293 464 2366 argumentum
486 2290 607 2348 silentio
630 2308 764 2364 premere
787 2291 884 2350 satius
908 2294 961 2350 est.
985 2323 1029 2332 -

249 2387 401 2479 Agathiae
430 2386 615 2446 Scholasticc
644 2390 681 2446 nt
708 2388 838 2447 Paulum
866 2388 1085 2468 Silentiarium,
1119 2392 1277 2468 aequalem
1307 2395 1337 2451 et

163 2485 301 2560 amicum,
318 2485 509 2561 subiungam,
528 2503 563 2543 ea
577 2485 768 2561 potissimum
783 2505 874 2547 cansa
893 2488 1034 2563 adducor,
1049 2489 1130 2564 quod
1144 2490 1175 2548 in
1189 2489 1337 2565 Ecphrasi

162 2582 290 2658 Magnae
304 2582 458 2641 Ecclesiae
473 2582 504 2640 II
519 2584 582 2641 419
603 2581 732 2663 φαιδρὸν
751 2581 1008 2664 ἀπαστράπτουσα,
1027 2583 1104 2671 με’σμ
1115 2579 1152 2646 ’δ’
1168 2584 1222 2646 ἐνὶ
1242 2587 1338 2665 μείονι

162 2679 260 2763 κύκλῳ
283 2682 353 2737 ante
377 2679 543 2753 Graefium
572 2681 625 2758 qui
648 2679 693 2742 ε’νὶ
715 2703 731 2741 e
754 2685 856 2743 ccdice
879 2685 1018 2745 Palatino
1045 2686 1193 2764 reposuit,
1216 2683 1249 2745 ἐν
1272 2688 1336 2747 vol·

162 2780 251 2854 gatae
280 2778 447 2852 scripturae
479 2779 579 2837 locum
608 2779 775 2840 obtinuisse
804 2783 901 2843 uideo.
932 2816 970 2825 -
1002 2777 1146 2866 δρύοψ)
1174 2789 1295 2862 poetam
1319 2806 1337 2847 a

163 2894 273 2935 norma.
292 2875 446 2935 deflexisse
469 2877 749 2938 animadvertimus:

163 3017 272 3094 Ecphr.
291 3017 420 3096 Magnae
439 3019 592 3078 Ecclesiae
611 3017 642 3077 ΙΙ
685 3022 724 3078 28
749 3029 791 3104 πή
810 3018 963 3102 φίρομαις
983 3023 1036 3095 τίς
1059 3030 1161 3103 μῦθον
1185 3024 1336 3106 ἀνήρπασε

1060 3121 1207 3202 πλαγκτδν
1230 3122 1336 3203 ἀήτης;

206 3261 223 3292 „
358 3258 374 3290 „
510 3259 527 3290 „
662 3215 725 3273 285
750 3213 820 3285 τοὺς
842 3213 1035 3297 προτέρους,
1062 3218 1146 3300 πρὶν
1169 3220 1263 3303 σάρκα
1286 3227 1336 3282 ία-

873 3315 938 3392 βεῖν
961 3313 1045 3395 θεόν,
1068 3308 1111 3377 ὧν
1134 3315 1191 3380 ἀπὸ
1216 3329 1336 3400 φωνῆς,

208 3457 223 3488 ,,
291 3410 438 3469 Ambonis
464 3412 502 3469 19
528 3405 696 3490 ὑμέτερος
718 3407 782 3490 γὰρ
801 3419 894 3490 χῶρος
918 3408 1054 3491 ἀείδεται,
1072 3410 1187 3475 ὁππόθι
1209 3417 1314 3497 πολλή,

162 3506 197 3565 Α.
216 3508 248 3567 P.
289 3508 318 3564 V
338 3511 411 3585 217,
433 3510 450 3566 3
475 3505 553 3586 φαμί
576 3504 687 3588 λέγειν
709 3506 770 3569 τὸν
794 3514 896 3586 μῦθον
919 3507 974 3589 ἐγὼ
998 3510 1079 3570 τάδε·
1101 3513 1206 3591 χάίκεα
1229 3520 1313 3599 νικᾷ,

261 3606 319 3664 VH
339 3608 411 3683 604,
432 3609 449 3666 5
476 3603 644 3667 δωδεκὲτιν
665 3604 730 3688 γὰρ
754 3611 857 3686 μοῖρα,
880 3608 1074 3687 Μακηδονίη,
1097 3626 1129 3670 σε
1151 3611 1306 3690 καλύπτει,

163 3699 239 3776 App.
263 3703 308 3760 Pl.
332 3703 404 3760 XVI
428 3707 505 3781 118,
530 3708 546 3763 1
573 3703 807 3782 Μηθοφόνους
830 3701 892 3783 μὲν
915 3711 1011 3787 χεῖρας
1030 3703 1105 3787 ὑπὲρ
1128 3715 1261 3787 γαμψοῖο
1284 3734 1336 3772 κο-

1209 3808 1335 3907 cerev·

252 3920 453 3982 Nihilosecius
476 3927 578 3985 tamen
595 3927 726 3986 Paulum
745 3927 783 3986 ad
801 3928 902 3987 Nonni
920 3933 1115 4006 praeceptum
1134 3949 1165 3990 se
1185 3933 1334 4011 adligasse

161 4038 215 4094 prc
239 4021 321 4078 certo
344 4019 451 4096 habe03
478 4041 644 4098 numquam
666 4025 746 4084 enim
769 4027 931 4106 occasioni,
963 4031 999 4089 ut
1022 4029 1061 4087 ad
1083 4029 1222 4108 magistri
1244 4050 1334 4093 usum
1408 4070 1417 4078 -

162 4138 376 4148 —.-—-..—--

233 4200 259 4266 ³¹³)
277 4195 379 4264 Ecphr.
403 4195 523 4265 Magnae
542 4198 683 4253 Ecclesiae
703 4203 714 4255 Ι
733 4210 784 4258 239
811 4204 914 4275 ἄνδιχα
941 4206 1135 4277 τεμνομένοιο·
1164 4208 1222 4263 δύω
1246 4204 1274 4263 δ’
1302 4206 1335 4275 ἐς

161 4276 363 4340 adecerditae
380 4292 436 4330 non
456 4273 492 4344 ε’ς,
511 4278 560 4332 sed
580 4276 620 4341 είς
633 4281 756 4348 genuina
774 4287 818 4339 est
836 4285 920 4340 lectio
935 4286 969 4341 cf.
985 4289 1021 4342 ad
1036 4307 1062 4341 n.
1077 4289 1167 4342 XXIV
1179 4295 1197 4342 4
1209 4309 1236 4361 p.
1248 4296 1282 4344 39
1293 4310 1333 4364 sq.

160 4375 252 4429 supra.
