3008 4958
673 241 713 249 ..
761 204 803 268 5ss
856 241 889 248 ,

193 361 386 448 Καλλιγόνη),
415 369 629 429 Constantinus
659 369 777 427 Siculus
809 372 835 444 1,
862 372 922 427 102
956 345 1061 447 (Post.
1077 370 1145 445 Lyn.
1171 368 1220 427 Gr.
1244 370 1302 428 vol.
1326 368 1375 425 Ill

192 490 220 543 p.
238 460 317 546 350)
342 464 450 546 στυγέω
478 464 596 545 βλέπειν
624 466 656 527 τὸ
685 476 750 544 φῶς
778 483 848 542 σου,
871 467 932 525 Leo
956 468 1102 544 Magister
1127 471 1154 542 2,
1180 469 1196 525 7
1219 486 1261 543 sq.
1286 460 1375 539 (ibid.

192 587 220 640 p.
242 557 320 645 356)
350 568 381 624 et
404 568 432 641 5,
458 569 553 643 33sq.
584 558 669 646 (ibid.
693 587 721 642 p.
743 556 821 644 361)
851 560 938 643 βλέπε
959 571 1014 634 τοῦ
1043 562 1134 643 ῥόδου
1157 561 1189 622 τὸ
1212 560 1346 642 κέντρον,
1370 557 1372 629 ἶ

193 658 279 740 βλέπε
310 670 362 722 τοῦ
397 661 498 722 πόθου
529 662 561 722 τὸ
593 666 756 741 πλῆκτρον,
779 662 902 720 Nioetas
930 662 1127 738 Eugenianus
1156 661 1199 719 VI
1223 663 1286 721 403
1317 659 1375 720 οὐκ

194 756 333 830 εὐσθενὲς
357 782 407 837 μοι
431 766 597 840 σωφρονεῖν
625 758 763 838 βλέποντί
793 775 838 835 σε,
868 759 941 816 VIII
968 762 1028 817 132
1060 754 1075 816 ὁ
1103 756 1159 838 γὰρ
1191 762 1286 836 φιλῶν
1314 767 1375 829 πᾶς

194 856 248 935 τήν
262 854 459 936 ποθουμένην
473 856 590 937 βλέπων
610 857 614 932 Ι
640 891 675 899 -
698 853 786 917 οὐδέν
802 853 835 915 τδι
850 853 937 915 λοιπά
952 855 1048 915 πάντα
1064 864 1114 915 τοῦ
1125 856 1193 935 βίον
1212 856 1316 935 κρίνει,
1333 889 1371 896 -

194 956 398 1014 Philostratus
432 955 536 1015 Iunior
564 956 658 1033 Imag.
687 957 700 1013 l
727 959 744 1015 6
769 976 796 1031 p.
824 958 887 1014 772
916 954 953 1013 σὺ
982 951 1014 1013 δέ
1043 976 1091 1032 μοι
1119 952 1174 1031 τήν
1195 948 1375 1034 Ἀφροδίτην

195 1049 292 1131 βλέπε,
310 1056 348 1113 15
364 1073 393 1128 p.
411 1055 472 1111 786
490 1052 567 1113 οὕτω
587 1051 728 1131 μόνοντὰ
743 1051 775 1112 ἐκ
793 1046 913 1134 πρῴρας
936 1048 1045 1130 βλέπει,
1064 1053 1209 1129 Xenopho
1224 1053 1376 1128 Ephesius

195 1151 210 1208 I
230 1154 258 1227 3,
279 1154 297 1209 3
313 1147 456 1227 ἀλλήλους
473 1148 590 1229 βλέπειν
605 1148 757 1222 ε’θέλοντες
773 1148 1014 1230 ἐπιστρεφόμενοι
1028 1148 1077 1209 καί
1091 1148 1286 1228 ὑφιστάμενοι
1304 1155 1374 1210 πολ-

196 1247 247 1318 λὰς
266 1247 429 1327 προφάσεις
449 1248 601 1328 διατριβῆς
621 1249 769 1328 εὕρισκον,
794 1252 821 1324 9,
843 1251 860 1305 8
881 1245 965 1324 ὑμεῖς
990 1240 1066 1328 (soil.
1090 1241 1258 1329 ὀφθαλμοί)
1278 1244 1309 1307 δέ
1329 1245 1376 1308 olel

195 1344 326 1425 βλέποιτε
349 1355 454 1422 ταῦτα,
477 1347 504 1403 V
527 1350 575 1417 11,
598 1353 611 1404 l
640 1343 655 1405 ό
681 1342 713 1406 δέ
735 1345 863 1404 Λεύκων
886 1342 935 1403 καὶ
959 1341 978 1422 ή
998 1341 1082 1422 Ῥόδη
1105 1343 1175 1417 τέως
1203 1342 1285 1416 ὀντες
1308 1344 1376 1425 περὶ

196 1440 250 1519 τήν
273 1439 395 1520 πομπήν
418 1440 589 1518 ἐφίστανται
608 1448 647 1526 τῷ
667 1443 735 1526 ίερῷ
754 1442 802 1502 καὶ
822 1442 963 1522 βλέπουσι
981 1441 1016 1502 τά
1036 1440 1226 1521 ἀναθήματα,
1250 1445 1375 1521 Longus

199 1543 312 1601 Pastor.
342 1541 357 1598 I
387 1544 440 1616 17,
471 1543 489 1597 2
523 1538 572 1599 καί
604 1538 721 1618 βλέπειν
750 1538 804 1619 μέν
832 1537 923 1616 ήθελε
955 1538 1009 1617 τήν
1046 1540 1162 1618 Χλόην,
1195 1539 1310 1620 βλέπων
1344 1536 1373 1600 δ’

196 1622 385 1718 ἐρυθήματος
413 1635 589 1716 ἐπίμπλατο,
618 1641 668 1715 25,
695 1643 709 1696 1
737 1648 835 1698 πᾶσαν
864 1636 958 1714 αὐτήν
987 1636 1107 1716 ἔβλεπεν
1131 1637 1299 1716 ἀπλήστως,
1327 1634 1376 1700 οἷα

198 1732 290 1813 μηδὲν
319 1735 510 1814 αἰδούμενος,
539 1737 673 1796 Achilles
698 1738 804 1795 Tatius
830 1737 887 1812 15,
909 1738 926 1794 3
952 1734 1031 1806 ὀλοις
1055 1734 1178 1815 έβλεπον
1202 1735 1255 1814 τήν
1281 1735 1375 1817 κόρην

198 1839 258 1905 τοῖς
290 1824 467 1913 προςιόποις,
501 1835 526 1889 V
558 1838 607 1911 13,
633 1838 650 1894 3
681 1832 737 1893 οὐκ
767 1831 897 1911 ήδόνατο
926 1839 1023 1912 τυχεῖν
1057 1830 1220 1913 ὁλοκλήρου
1252 1843 1376 1913 τροφῆς,

197 1931 294 1990 πάντα
317 1928 348 1990 δὲ
372 1929 492 2010 έβλεπεν
515 1929 575 2009 ε’μέ,
599 1936 646 2008 19,
667 1935 685 1992 5
710 1928 759 1991 καὶ
787 1930 847 2008 λίμα
875 1920 966 2002 αὖθις
989 1929 1175 2009 ἐντυγχάνων
1198 1937 1260 2003 τοῖς
1282 1932 1375 2012 γράμ-

198 2046 298 2107 μασιν,
322 2026 361 2099 ὡς
379 2027 497 2105 έκείνην
521 2022 561 2087 δι’
587 2027 683 2088 αὐτῶν
702 2026 829 2107 βλέπων,
855 2031 903 2105 19,
930 2033 947 2088 6
968 2026 1073 2089 ἔκλαον
1097 2027 1191 2109 ὥςπερ
1214 2027 1305 2102 αότόις
1323 2029 1376 2101 τὰς

198 2125 349 2204 βασάνους
365 2123 488 2205 ’βλέπων
512 2124 619 2203 αὐτῆς,
644 2127 824 2186 Eustathius
854 2127 1080 2192 llaorernbolita
1103 2128 1207 2203 Hysm.
1232 2128 1259 2185 V
1285 2131 1334 2204 11,
1356 2132 1373 2188 5

198 2222 247 2283 καὶ
270 2222 488 2303 περιεργότερον
513 2223 581 2283 ὀλον
609 2221 733 2302 έβλεπον
761 2223 792 2283 τὸ
815 2222 968 2304 ποτήριον,
992 2225 1159 2283 anoodoton
1183 2226 1375 2303 Tubingense

199 2325 279 2398 apud
313 2322 510 2380 Buresohiunr
549 2317 690 2381 ‘Klaros'
722 2345 751 2399 p.
781 2327 837 2400 96,
868 2327 921 2382 18:
955 2321 1203 2401 μεθερμηνεύεται
1236 2319 1267 2382 δέ
1294 2321 1376 2399 ἑλλη-

200 2428 267 2503 νικῆ
296 2417 435 2503 διαλέκτῳ
452 2415 564 2497 ’Όσιρις
588 2417 602 2479 ὀ
626 2419 861 2499 πολυόφθαλμος
889 2418 946 2479 άπὸ
977 2428 1029 2479 τοῦ
1057 2419 1154 2502 πάντη
1183 2417 1376 2498 ἐπιβάλλοντα

199 2516 250 2577 τὸν
273 2517 358 2596 ήλιον
382 2516 433 2589 τόις
457 2515 576 2589 άκτῖνας
600 2517 693 2598 ὥςπερ
718 2515 887 2596 ὀφθαλμοῖς
915 2521 1034 2588 πολλοῖς
1057 2525 1156 2576 πᾶσαν
1180 2515 1297 2595 βλέπειν
1321 2516 1376 2595 τήν

202 2623 274 2694 γῆν,
305 2635 433 2692 quonum
462 2618 527 2675 loeo
559 2617 656 2675 editor
682 2617 880 2676 Plutarchum
910 2616 1013 2675 Moral.
1043 2637 1071 2691 p.
1097 2617 1199 2675 354s
1229 2608 1318 2696 (ένιοι
1345 2613 1377 2675 δὲ

199 2711 250 2773 καὶ
272 2710 404 2791 τοῦνομα
423 2713 649 2792 διερμηνεύουσι
676 2711 928 2790 πολυόφθαλμον,
956 2710 994 2783 ὡς
1018 2721 1070 2771 τοῦ
1095 2708 1148 2789 μέν
1173 2709 1206 2783 lg
1234 2710 1266 2771 τὸ
1290 2715 1377 2789 πολύ,

200 2820 252 2871 τοῦ
277 2807 308 2871 δέ
331 2809 374 2891 έρι
397 2809 449 2870 τὸν
472 2809 632 2890 ὀφθαλμὸν
648 2811 796 2893 Αἰγυπτία
815 2809 924 2895 γλώττη
944 2804 1120 2890 φράζοντος)
1145 2812 1284 2888 contulit,
1308 2832 1377 2870 oum

200 2909 325 2969 Diodori
350 2910 444 2968 Siculi
468 2911 597 2987 gemella
621 2912 713 2970 verba
736 2910 751 2967 I
772 2912 822 2986 11,
848 2912 864 2966 2
890 2909 1014 2968 laudaro
1038 2908 1204 2967 debuisset:
1229 2914 1377 2989 μεθερμη-

200 3005 369 3086 νευομένων
393 3005 449 3087 γὰρ
468 3007 581 3068 τούτων
605 3006 647 3078 εἰς
671 3005 721 3066 τὸν
737 3001 911 3083 Ἑλληνικὸν
930 3013 982 3083 τῆς
1002 3002 1154 3065 διαλέκτου
1173 3005 1283 3085 τρόπον
1302 2999 1376 3066 εἶναι

200 3103 252 3164 τὸν
282 3101 335 3183 μέν
357 3100 470 3183 Ὄσιριν
499 3103 752 3182 πολυόφθαλμον,
785 3103 902 3175 εἰκότως
934 3112 1065 3186 πανταχῆ
1097 3102 1152 3183 γὰρ
1184 3102 1378 3183 ἐπιβάλλοντα

202 3200 252 3273 τὰς
290 3199 410 3272 άκτῖνας
448 3201 542 3280 ὥςπερ
578 3198 748 3279 ὀφθαλμοῖς
780 3205 899 3272 πολλοῖς
935 3199 1052 3280 βλέπει-ν
1085 3200 1203 3260 όίπασαν
1234 3211 1291 3282 γῆν
1328 3201 1378 3261 καὶ

201 3300 358 3359 θάλατταν.
405 3299 545 3358 Ceterum
574 3301 641 3376 ipsa
663 3300 778 3376 phrasi:
803 3301 920 3369 πολλοῖς
945 3296 1114 3377 ὀφθαλμοῖς
1137 3308 1236 3359 πᾶσαν
1259 3297 1377 3378 βλέπειν

201 3395 255 3475 τήν
278 3406 335 3478 γῆν
359 3399 470 3474 optimo
498 3398 683 3457 Aristaeneti
710 3399 809 3455 looiun
833 3397 929 3472 Epist.
957 3397 972 3454 I
996 3400 1036 3456 27
1066 3418 1094 3473 p.
1121 3401 1182 3457 156
1214 3391 1377 3478 (Herohor)

202 3504 324 3576 φρονῶν
356 3493 404 3554 ἐπὶ
440 3503 474 3578 τῆ
512 3493 573 3578 ὥρα
609 3494 780 3573 θαυμάσιον
813 3493 899 3571 ὀσον,
935 3492 985 3553 καλ
1021 3498 1118 3579 πολλῷ
1156 3501 1196 3578 τῷ
1229 3491 1377 3579 ὀφθαλμῷ

202 3591 301 3674 βλέπει
337 3593 456 3652 defendi
492 3598 584 3671 atque
617 3594 773 3652 inlustrari
811 3593 907 3652 obiter
943 3596 1048 3651 notare
1082 3594 1183 3668 placet
1222 3595 1257 3653 ol.
1290 3614 1378 3671 prae-

202 3698 285 3753 terea
318 3692 499 3751 Heliodorus
532 3693 672 3769 Aethiop.
706 3692 749 3749 Vl
774 3695 838 3769 4,1
870 3689 889 3768 ή
921 3690 979 3750 πού
1013 3711 1047 3769 με
1079 3699 1137 3750 νῦν
1169 3695 1287 3763 πολλοῖς
1317 3696 1378 3762 τοῖς

136 3790 138 3792 ’
203 3789 373 3869 ὀφθαλμοῖς
401 3794 575 3869 περισκοπεῖ
598 3792 717 3849 oonlato
745 3790 850 3848 BastIo
873 3788 963 3864 Epist
995 3787 1066 3847 orit.
1096 3790 1133 3847 ad
1158 3790 1378 3848 Boissonadum

202 3911 230 3966 p.
252 3892 314 3948 263
326 3907 368 3964 sq.
398 3920 435 3928 —
462 3889 530 3947 Una
553 3889 676 3948 accedat
703 3887 965 3961 adnotatiuncula,
994 3885 1203 3945 observatione
1227 3887 1300 3945 satis
1324 3887 1378 3944 illa

203 3989 307 4065 digna:
331 4005 404 4046 ποτε
426 3982 544 4064 βλέπειν
569 3991 599 4046 et
621 3986 779 4063 Homerus
803 3987 961 4061 poetarum
981 3983 1158 4059 signiferae
1177 3985 1323 4060 princeps
1349 3988 1379 4043 et

203 4085 338 4160 NonnuS,
362 4083 531 4160 decrepitae
556 4085 698 4144 Graeciae
721 4085 787 4160 lux,
811 4099 934 4158 prorsus
958 4081 1186 4158 abstinuerunt3
1211 4102 1287 4158 quae
1312 4100 1377 4139 sen-

204 4182 300 4241 tentia
340 4201 437 4257 nequo
475 4180 832 4256 Batrachomyornachiae
869 4179 1158 4238 Pseudohomerioao
1195 4180 1378 4255 interpolato

124 4295 129 4310 “
204 4298 294 4343 versu
319 4283 358 4340 67
379 4277 428 4339 καλ
446 4287 562 4359 πρῶτον
582 4275 635 4357 μέν
655 4276 775 4358 έχαιρεν,
800 4272 842 4337 ὥτ’
868 4276 970 4357 έβλεττε
988 4275 1122 4356 γείτονας
1141 4275 1263 4356 ὀρμους,
1281 4295 1379 4352 noque
