3008 4958
639 264 854 325 .-41-

162 431 224 487 148
237 423 363 506 Ἄρτεμι,
387 436 429 511 πή
453 425 501 487 σέο
524 425 607 500 τάξας
630 425 674 498 τίς
697 425 810 505 ήρπασε
834 422 895 486 σεῖο
919 423 1083 505 popisma
1105 423 1109 506 t
1129 434 1171 508 πή
1190 425 1281 502 λίπες,
1301 421 1336 485 ὃν

160 522 276 603 φορέεις
307 523 544 606 ἐπιγουνίδος
579 521 660 605 έίχρι
691 531 836 604 χιτῶνας
875 525 910 584 cf.
944 529 1100 600 praeterea
1134 524 1335 584 Callimachus

160 625 270 702 Hymn.
284 624 331 683 III
353 627 390 682 11
404 643 457 701 sq,
479 623 533 682 ubi
551 622 650 682 Diana
668 624 753 698 cupit
771 620 801 693 ές
821 619 896 701 γόνυ
916 620 997 701 μέχρι
1014 629 1122 701 χιτῶνα
1142 621 1147 695 l
1167 621 1338 692 ζώννυσθαι

160 720 306 803 λεγνωτὸν
325 725 356 781 et
370 721 583 781 Christodorus
597 721 706 796 Euphr.
725 720 761 780 A.
781 720 812 778 Ρ.
831 721 863 778 Π
884 722 947 779 308
958 739 1010 796 sq,
1031 720 1083 778 ubi
1102 720 1217 778 Dianae
1237 723 1340 779 statua

160 822 241 880 hisee
269 821 368 879 verbis
397 820 590 879 describitur:
623 811 662 898 ἦν
690 811 719 876 δ’
751 815 799 878 ἐπὶ
825 816 945 896 γούνων
971 810 974 897 t
1000 813 1167 896 παρθένιον
1195 813 1339 895 λεγνωτὸν

161 916 365 988 ἀναζωσθεῖσα
388 926 502 997 χιτῶνα.
521 913 531 995 ΙΙ
551 910 608 992 ll]
634 916 736 977 versui
753 915 825 976 huic
843 914 866 974 Ο
884 916 916 974 in
935 915 1071 993 margine
1090 916 1201 972 lemma
1220 923 1340 974 τοιαῦτα

161 1013 196 1075 τδι
216 1023 268 1094 τῆς
290 1013 430 1096 ἐρωτικῆς
457 1014 636 1094 παλαίστρας
665 1035 933 1093 μήγανονργήματα
960 1012 1111 1071 adstruxit
1135 1006 1145 1090 ΙΙ
1169 1009 1339 1092 ἠρήρειστο]

161 1111 306 1192 ήρείριστο
342 1116 370 1172 Α
407 1117 597 1190 exaraverat,
635 1112 716 1189 quod
748 1112 780 1169 in
816 1108 970 1191 ἠρήρειστο
1008 1109 1031 1170 O
1062 1110 1194 1169 mutavit
1220 1105 1230 1188 ΙΙ
1259 1133 1339 1190 γυιο-

163 1209 266 1290 βόρον]
297 1216 463 1271 comeatum
493 1216 539 1270 est
568 1229 586 1269 a
612 1210 650 1268 N.
679 1209 803 1269 Heinsio
831 1211 850 1267 l.
875 1229 913 1286 c.‚
946 1227 1042 1285 neque
1080 1208 1169 1266 aliter
1198 1227 1233 1266 ex
1261 1228 1338 1267 mar-

164 1311 232 1387 gine
246 1310 413 1388 apographi
427 1309 593 1387 Lipsiensis
612 1308 753 1367 Reishius
771 1328 799 1382 p.
817 1310 879 1367 674
896 1306 1002 1366 edidit:
1020 1303 1187 1386 γυιοβόρων
1202 1306 1225 1364 Ρ
1250 1300 1252 1345 ῑ
1270 1304 1339 1386 γὰρ]

163 1407 218 1498 γδιρ
236 1417 260 1475 Ρ
284 1409 355 1496 (ιΑ,
373 1440 380 1460 ι
396 1407 436 1496 Ο)
455 1409 466 1492 lt
485 1406 530 1472 13
550 1413 615 1494 ῥεῖά
636 1412 693 1489 τις]
719 1413 782 1493 ῥεῖα
805 1412 849 1484 τίς
868 1413 900 1490 Ρ,
924 1412 972 1493 ῥεῖ
989 1421 1061 1490 κτῆς
1074 1413 1113 1472 M.
1140 1444 1177 1454 -
1204 1412 1342 1472 Herwer-

162 1517 257 1574 denus
289 1515 432 1572 Mnemos
463 1512 500 1571 N.
526 1511 555 1570 S.
584 1512 642 1571 vol.
665 1511 737 1570 XIV
766 1503 887 1592 (1886)
916 1532 945 1587 p.
971 1513 1033 1571 377
1065 1511 1139 1570 haec
1168 1511 1342 1571 adnotavit:

162 1614 321 1674 Pessime
350 1611 487 1669 Paulus
521 1609 762 1669 Silentiarius
795 1609 926 1669 habuit
958 1608 1035 1689 ῥεῖα
1066 1628 1129 1686 pro
1157 1628 1342 1684 compara-

163 1713 254 1788 tivo,
291 1728 373 1769 nam
405 1728 545 1784 vereor,
582 1727 623 1766 ne
656 1707 788 1785 ipsum,
820 1726 888 1766 non
927 1707 1104 1767 librarios
1137 1707 1342 1785 corrigeres

164 1807 370 1870 scribendo:
394 1804 498 1886 ρήϊον
516 1801 688 1886 ἡμερίδος
707 1836 747 1846 -
769 1803 897 1876 λύσεις.
939 1804 997 1864 cui
1016 1800 1184 1865 sententiae
1204 1806 1342 1882 equidem

165 1906 309 1967 adsentiri
337 1924 397 1964 non
429 1923 564 1980 possum:
597 1922 695 1980 neque
728 1902 808 1962 enim
840 1901 904 1982 ῥεῖα
932 1922 987 1980 pro
1016 1904 1221 1979 comparativo
1246 1903 1343 1962 habeo

165 2003 215 2085 (cf.
239 2004 407 2063 Lobeckius
435 2001 473 2060 a'd
496 2002 656 2080 Phrynich.
679 2021 709 2076 p.
729 1992 824 2081 403),
852 2019 950 2076 neque
974 2000 1140 2077 quidquam
1163 2001 1343 2060 mutandum

165 2123 228 2164 esse
243 2101 411 2177 concedam,
431 2100 484 2159 sed
503 2100 643 2176 ellipseos
662 2098 780 2158 ratione
801 2100 911 2176 μᾶλλον
932 2097 1132 2174 supplendum
1153 2115 1217 2157 esse
1232 2100 1346 2157 statuo.

164 2201 278 2260 Eadem
292 2217 415 2276 prorsus
430 2202 477 2258 est
490 2196 675 2258 constructio
696 2197 777 2272 apud
791 2195 988 2272 Apollonium
1007 2196 1157 2255 Rhodium
1180 2195 1293 2272 Argon.
1313 2195 1344 2253 Π

167 2302 229 2359 225
247 2318 310 2375 sqq.
333 2293 405 2355 ἄλλοί
425 2317 457 2355 κε
480 2294 557 2375 ῥεῖα
577 2293 581 2371 t
602 2292 692 2366 αὐτὸς
710 2291 761 2354 av
780 2293 934 2371 λελάθοιμι
953 2291 1025 2354 νόον
1045 2292 1167 2372 δόρποιο
1186 2285 1342 2374 μεμήλὼςή

166 2393 186 2473 ή
208 2394 318 2471 κείνας,
341 2413 396 2452 nec
420 2394 538 2453 diverso
562 2393 650 2453 modo
669 2393 807 2468 exempla
826 2395 897 2451 sunt
917 2392 1102 2469 explicanda,
1121 2393 1153 2450 in
1168 2391 1278 2469 quibus
1293 2393 1344 2451 ad-

168 2494 312 2553 iectivum
339 2484 442 2574 ῥᾴδιος
466 2483 610 2571 (ῥήΐδιος,
638 2483 756 2575 ῥήδιος)
779 2490 978 2566 comparativi
1001 2490 1067 2550 vice
1096 2490 1183 2567 fungi
1206 2490 1345 2549 videatur

168 2592 204 2650 of.
238 2589 388 2666 Theognis
417 2591 480 2648 577
516 2582 645 2672 ῥήδιον
677 2585 706 2662 ἐξ
737 2584 856 2668 ἀγαθοῦ
884 2592 986 2647 θεῖναι
1016 2585 1109 2647 κακὸν
1141 2584 1161 2665 i}
1190 2580 1220 2646 ’κ
1250 2596 1344 2647 κακοῦ

167 2686 275 2749 έσθλόν
290 2681 357 2766 (ubi
372 2687 508 2746 codicum
526 2687 678 2763 scriptura
691 2705 784 2763 prave
799 2677 992 2766 temptatur),
1012 2685 1193 2762 Apollonius
1208 2685 1344 2744 Rhodius

167 2788 279 2865 Argon.
302 2785 346 2846 IV
366 2787 423 2845 501
445 2804 488 2861 sq.
512 2782 634 2864 ῥηϊδίη
658 2780 691 2843 δέ
712 2805 764 2843 κεν
786 2779 862 2863 ἅμμι
879 2780 1085 2843 κεδασθέντων
1109 2783 1175 2862 δίχα
1198 2786 1277 2842 λαῶν
1297 2780 1342 2860 Ιή

167 2879 193 2944 τ’
223 2884 269 2961 εἴη
298 2879 446 2960 μετέπειτα
472 2877 707 2960 κατερχομένοισι
738 2878 891 2957 κέλευθος,
932 2913 961 2920 -
996 2881 1221 2958 Theophrastus
1256 2879 1343 2940 Oaus.

169 2983 269 3039 Plant.
294 2981 326 3037 Π
351 2982 405 3055 16,
434 2982 452 3036 4
477 2987 564 3037 τοῦτο
593 2970 621 3036 δ’
652 2975 696 3035 δτι
724 2972 850 3058 ῥᾴδιον
880 2975 912 3036 τὸ
940 2974 1055 3036 διπλοῦν
1083 2975 1102 3055 ή
1134 2975 1166 3036 τδ
1193 2975 1345 3049 πολυειδές

171 3070 246 3157 (quo
274 3077 340 3134 loco
359 3075 509 3132 Wimmer
535 3075 563 3132 J.
588 3072 623 3132 G.
648 3073 822 3131 Schneideri
850 3073 1052 3132 coniecturam
1085 3074 1159 3157 ῥᾷον
1191 3076 1283 3135 tacite
1314 3077 1345 3134 in

170 3177 257 3233 textu
281 3172 402 3231 exhibet
425 3172 462 3230 cf.
487 3171 688 3246 Theophrasti
711 3170 809 3230 Eresii
833 3189 909 3247 quae
931 3175 1093 3247 supersunt
1117 3191 1209 3248 opera
1232 3205 1275 3214 -
1299 3173 1343 3235 ed.

170 3274 213 3332 Io.
242 3270 367 3330 Gottlob
397 3269 561 3328 Schneider
593 3269 650 3328 vol.
675 3268 719 3326 IV
749 3289 784 3344 p.
806 3260 899 3349 477),
936 3268 1117 3329 Plutarchus
1149 3270 1209 3330 Vit.
1242 3272 1344 3348 Pomp.

170 3371 256 3430 LVII
272 3373 290 3428 2
310 3365 382 3428 οἰλλδι
399 3366 476 3428 πολὺ
496 3360 623 3450 ῥᾴδιον
642 3362 873 3445 modumquasi]
896 3364 1038 3446 πρότερον
1057 3365 1166 3446 ηὔξησε
1183 3367 1236 3428 τὸν
1250 3366 1346 3450 δένδρα

172 3462 239 3549 (ubi
262 3487 343 3527 nunc
362 3467 485 3544 quidem
505 3464 621 3524 Reishii
638 3468 840 3524 commentum
863 3463 936 3548 ῥᾷον
959 3461 1170 3543 propagatur}
1193 3467 1345 3526 Lucienus

172 3565 288 3642 Catapl.
314 3569 353 3623 28
380 3559 506 3648 ῥᾴδιον
524 3571 599 3643 γοῦν
621 3561 674 3622 τδν
696 3561 782 3640 ήλιον
809 3558 847 3621 dv
874 3584 918 3632 τις
945 3559 966 3640 ή
992 3570 1098 3622 τοῦτον
1126 3560 1346 3642 ἀσκαρδαμυκτὶ

171 3659 373 3741 προσέβλεψεν
401 3656 468 3743 (ubi
497 3661 627 3722 editores
650 3658 724 3744 ῥᾷον
751 3659 879 3719 scribere
908 3661 1026 3719 malunt
1053 3680 1120 3720 cum
1147 3661 1283 3720 Bentleio
1307 3662 1346 3720 ad

174 3761 278 3818 Horat.
302 3759 398 3818 Carm.
422 3760 435 3817 l
462 3763 492 3837 3,
513 3751 578 3839 18).
603 3790 643 3798 -
669 3757 782 3828 Quodsi
806 3758 843 3817 ad
867 3757 1012 3817 sermonis
1037 3759 1132 3818 Attici
1162 3777 1235 3817 usus
1258 3777 1345 3818 veros

173 3855 397 3931 investigandos
425 3856 634 3915 tantummodo
661 3856 834 3916 litterarum
860 3855 1036 3914 memoriam
1064 3856 1102 3913 ad
1134 3858 1230 3913 artem
1253 3858 1345 3931 atque

173 3956 336 4029 praecepta
353 3958 525 4013 revocatam
544 3955 644 4014 valere
664 3953 854 4027 concesseris
876 3953 1083 4028 incorruptam
1105 3953 1250 4011 sermonis
1268 3953 1345 4012 inte-

174 4049 317 4127 gritatem
341 4051 432 4108 etiam
454 4052 501 4110 his
528 4053 620 4128 locis,
649 4070 724 4128 quos
752 4051 791 4109 ad
818 4049 952 4109 omnium
980 4052 1035 4108 aut
1058 4052 1138 4109 certe
1162 4049 1345 4124 optimorum

173 4148 310 4207 codicum
323 4146 412 4207 fidem
426 4149 588 4208 recensitos
606 4167 759 4226 propono,
769 4166 887 4207 mecum
906 4147 1083 4223 adgnosces:
1107 4145 1214 4223 Lysias
1229 4148 1287 4206 XII
1303 4154 1342 4212 89

173 4243 223 4306 καὶ
247 4241 300 4322 μὲν
324 4244 400 4305 πολὺ
428 4239 555 4328 ῥᾴδιον
582 4239 710 4324 ἡγοῦμαι
732 4237 809 4304 εἶναι
835 4239 910 4322 ὑπὲρ
938 4233 980 4302 ὧν
1008 4240 1092 4319 ὑμεῖς
1121 4236 1252 4322 έποίσχετ’
1277 4243 1345 4308 ἀντ-

175 4347 280 4422 ειπεῖν,
298 4339 318 4421 ή
336 4339 411 4423 ὑπὲρ
425 4334 468 4402 ὧν
487 4334 571 4402 οὗτοι
588 4340 784 4418 πεποιήκασιν
802 4338 1055 4421 ἀπολογήσασθαι,
1073 4339 1218 4417 Xenopho
1238 4341 1344 4425 Cyrop.
