3008 4958
664 213 879 277 ..20-

187 399 242 455 pro
265 376 367 456 ἕτοῖμολ
386 396 432 438 σοι
452 378 559 455 editur,
582 378 635 437 ubi
652 377 676 435 P
696 374 797 455 ἕτοιμά
815 392 862 436 σοι
885 378 1014 437 exhibet.
1052 376 1110 447 Qui
1130 378 1222 437 codex
1242 379 1363 439 omnino

187 478 314 536 formam
333 473 447 553 ἑτοῖμος
471 477 628 553 adgnoscit
651 476 688 534 cf.
707 475 722 532 I
744 477 793 549 18,
814 478 832 534 5
858 467 1019 556 (ἑτοῖμον),
1041 476 1069 532 V
1092 478 1140 553 18,
1161 479 1179 536 5
1205 469 1364 557 (ἑτοῖμον),

187 575 230 632 IX
249 576 360 650 584,5
391 567 551 657 (ἑτοῖμονμ
582 576 697 651 787,4
722 566 867 653 (ἑτοῖμον,
890 607 933 613 -
961 575 1038 633 hanc
1067 575 1147 634 enim
1171 575 1363 652 scripturam,

188 691 248 730 non
268 672 423 748 volgatam
442 667 560 750 ἕτοιμον
578 663 699 752 habes);
722 690 820 747 neque
839 691 942 749 unum,
966 673 1046 748 quod
1064 675 1169 749 restat,
1193 674 1364 748 exemplum

189 770 382 846 V11634,3
407 770 575 829 sententiae
598 773 718 828 nostrae
742 769 851 828 obstat.
891 771 979 828 Nunc
1003 770 1125 846 quidem
1147 768 1261 847 ἕτοιμος
1285 789 1364 828 cem-

188 871 284 943 paret‚
308 869 360 926 sed
383 867 412 925 A
434 865 558 945 ἑτοίμων
582 871 766 944 exaraverat,
790 886 880 944 quam
908 867 1068 926 lectionem
1090 871 1196 943 postea
1220 867 1242 926 C
1265 868 1363 925 inmu-

189 966 275 1025 tavit.
298 998 337 1007 -
358 966 393 1023 Iu
412 966 582 1024 recensione
602 965 756 1023 Planudea
774 968 821 1023 ter
840 957 891 1044 (A.
910 964 941 1025 P.
960 965 1020 1023 VII
1041 968 1113 1042 634,
1130 968 1162 1041 3;
1182 967 1223 1023 IX
1242 968 1314 1041 787,
1330 968 1364 1038 43

189 1062 266 1138 App.
286 1063 330 1121 Pl.
350 1062 422 1120 XVI
442 1066 516 1141 387,
539 1061 575 1140 4)
604 1063 754 1138 scriptura
778 1059 907 1141 ἕτοιμος,
934 1065 1027 1122 semel
1050 1056 1101 1144 (A.
1122 1064 1153 1123 P.
1172 1064 1215 1121 IX
1235 1066 1308 1140 584,
1328 1055 1364 1144 5)

189 1156 305 1240 ἑτοῖμος
327 1160 489 1235 reperitur.
514 1193 551 1202 -

604 1421 677 1485 XII.
707 1425 940 1487 Διονυσίου.

293 1554 330 1626 Ὦ
354 1564 480 1647 σοβαρὴ
504 1565 702 1647 βαλάνισσα,
724 1569 760 1628 τί
780 1561 814 1650 μ’
840 1566 947 1642 οὕτως
970 1569 1099 1651 ἔμπυρα
1122 1568 1246 1644 λούεις;

345 1673 425 1755 πρίν
448 1666 480 1752 γ’
506 1669 753 1755 ἀποδύσασθαι,
777 1681 837 1736 τοῦ
860 1675 966 1758 πυρὸς
989 1675 1201 1757 αἰσθάνομαι.

618 1900 781 1955 adnotatio
801 1901 927 1957 erltlcae
1019 1931 1022 1935 ·

273 2031 311 2093 A.
329 2032 360 2091 P.
380 2032 415 2090 V.
436 2034 487 2109 82,
511 2033 564 2091 ubi
587 2032 615 2090 A
639 2029 782 2092 ἀδέσποπό
806 2035 939 2112 scripsit,
969 2035 990 2094 O
1015 2034 1056 2108 εἰς
1084 2036 1265 2115 βαλάνισσαν
1290 2037 1360 2095 sub·

187 2129 296 2188 iunxit.
318 2162 362 2170 —
385 2130 421 2188 In
444 2129 472 2186 V
493 2131 678 2207 epigramma
701 2131 798 2204 deest,
827 2134 908 2208 quod
936 2152 1008 2192 casu
1036 2138 1067 2194 ot
1094 2135 1221 2194 fortuito
1246 2135 1360 2193 factum

189 2245 253 2286 esse
282 2227 319 2284 ad
342 2248 370 2285 n.
390 2228 464 2285 XIII
492 2228 595 2305 docui,
623 2229 654 2286 in
679 2230 708 2285 M
735 2229 846 2289 lemma
874 2230 1016 2291 διονύσου
1045 2235 1141 2310 extat,
1170 2232 1250 2309 qued
1279 2236 1362 2292 certa

189 2325 398 2383 emendatione
413 2327 540 2384 correxi:
560 2327 638 2385 idem
658 2330 705 2385 est
717 2326 881 2404 Dionysius
902 2330 1052 2408 Sophista,
1072 2331 1158 2390 cuius
1176 2332 1362 2408 epigramma

186 2426 288 2482 nostro
316 2423 348 2481 in
373 2423 559 2501 Antholegia
586 2424 726 2482 Palatina
750 2419 792 2501 (V
812 2423 868 2505 81)
893 2431 940 2487 est
966 2429 1174 2504 praemissum.
1220 2428 1362 2488 Ceterum

186 2539 291 2583 versus
314 2524 433 2581 nostros
457 2521 549 2580 etiam
571 2522 705 2581 recensio
732 2522 888 2584 Planudea
912 2520 986 2607 (VII
1004 2549 1032 2587 n.
1055 2528 1146 2587 rref.
1169 2518 1241 2607 73‘)
1266 2527 1361 2601 offert,

130 2617 134 2623 ’
188 2639 265 2696 quae
281 2620 401 2696 quidem
420 2621 561 2679 lemmate
580 2628 633 2679 τοῦ
652 2617 745 2679 αὐτοῦ
768 2621 916 2683 distichon
930 2626 1083 2702 Meleagro
1102 2626 1248 2685 vindicat:
1272 2624 1361 2683 huius

186 2718 265 2776 enim
287 2722 396 2794 poetae
419 2719 500 2777 fetus
524 2710 575 2799 (A.
590 2718 622 2777 P.
642 2721 700 2778 XII
720 2711 797 2801 113)
822 2721 933 2781 ibidem
955 2724 1117 2799 praecedit.

277 2818 295 2883 l
321 2822 497 2904 βαλάνισσα]
517 2825 657 2903 βαλάνισε
682 2827 711 2884 M
735 2821 745 2903 ΙΙ
768 2826 797 2885 τί
818 2821 848 2904 μ’
874 2828 982 2904 οὕτως]
1013 2848 1080 2889 cum
1104 2831 1134 2889 M
1161 2831 1267 2906 scripsi
1291 2849 1361 2889 ean—

186 2925 314 3001 demque
346 2924 506 2982 lectionem
534 2925 565 2981 in
598 2925 715 2983 Masuri
742 2925 843 2984 codice
872 2927 1008 2987 extitisse
1037 2947 1074 2988 ex
1101 2929 1164 2987 cod.
1188 2929 1285 2988 Vatic.
1312 2927 1360 2986 Gr.

187 3024 271 3081 1416
295 3023 312 3079 f.
332 3023 415 3080 rerr
442 3012 489 3102 (et
514 3025 597 3082 1169
618 3023 638 3080 f.
663 3013 738 3103 aar)
762 3023 866 3082 didici:
894 3024 923 3084 α
950 3019 980 3103 μ’
1006 3026 1043 3104 Ρ,
1073 3025 1102 3085 α
1128 3025 1236 3105 eleon
1259 3019 1291 3104 μ’
1317 3026 1360 3084 1³1.

186 3113 237 3198 (ex
259 3120 420 3177 manifesta
447 3114 695 3202 interpolatione)
719 3125 751 3181 et
773 3124 863 3199 volgo
886 3118 896 3200 ΙΙ
918 3121 1048 3204 ἔμπυρα]
1077 3145 1113 3184 ex
1143 3127 1173 3183 M
1202 3129 1233 3184 et
1259 3124 1360 3184 codice

186 3217 302 3275 Masuri
325 3217 458 3275 restitui:
482 3213 595 3297 ἔμπυρα
618 3219 650 3296 Ρ,
674 3220 719 3278 Pl.
742 3224 773 3279 et
793 3222 894 3298 volgo,
918 3222 969 3280 sed
993 3224 1155 3299 genuinam
1179 3223 1359 3298 scripturam

186 3315 247 3373 iam
279 3315 408 3373 Bothius
435 3315 516 3390 apud
545 3315 740 3375 Duebnerum
764 3319 936 3378 coniectura
964 3323 1010 3378 est
1038 3320 1213 3396 adsecutus3
1246 3317 1361 3398 ἔμπυρα

187 3413 291 3471 eodem
310 3411 397 3471 medo
413 3412 627 3472 adverbialiter
644 3415 770 3476 Nonnus
790 3417 914 3493 Dionys
933 3416 977 3474 VI
997 3419 1059 3476 216
1079 3416 1252 3492 usurpavit:
1274 3409 1359 3494 Ἐρυ-

185 3509 306 3590 θραίοιο
335 3505 366 3568 δὲ
389 3508 500 3570 κόλπου
521 3506 526 3590 Ι
547 3508 686 3593 ἔμπυρα
712 3514 911 3592 κυμαίνοντος
927 3511 1027 3595 ’Άραψ
1047 3512 1224 3593 ’θερμαίνετο
1243 3512 1359 3590 νηρεύς.

186 3608 236 3667 Sic
260 3609 339 3666 enim
362 3628 417 3684 pro
440 3605 569 3688 ἔμπυρος
593 3629 661 3669 cum
684 3613 909 3690 Falkenburgio
932 3612 1109 3690 legendum,
1137 3630 1197 3671 non
1211 3607 1253 3693 ,ἐν
1277 3613 1358 3688 πυρί,

185 3707 266 3782 quod
286 3725 321 3763 ex
345 3724 400 3764 sua
423 3707 595 3767 coniectura
617 3709 790 3787 Koechlyus
815 3711 916 3769 edidit.
964 3709 1104 3768 Ceterum
1125 3711 1162 3768 de
1181 3709 1284 3785 phrasi
1308 3705 1358 3785 ἔμ-

184 3824 265 3883 πυρα
289 3803 384 3875 λούεις
411 3807 558 3865 translate
583 3825 672 3867 sensu
695 3809 832 3867 adhibita
856 3808 891 3867 cf.
910 3807 1036 3865 Nonnus
1062 3807 1185 3884 Dionys.
1203 3807 1280 3866 VIII
1294 3810 1357 3866 406

186 3899 316 3986 οὐρανίῳ
345 3899 430 3980 πυρὶ
453 3907 523 3981 μυῖα
546 3904 767 3982 λελουμένον
791 3902 908 3964 ὤπασεν
927 3898 1053 3983 Ἑρμῆς,
1076 3908 1139 3964 413
1164 3903 1214 3964 καλ
1236 3907 1358 3983 καθαρῷ

185 3999 342 4059 λούσασα
361 3996 429 4058 νέον
454 3997 543 4078 δέμας
566 4001 672 4061 αἴθοπι
695 4006 815 4084 πυρσῷ
844 4004 879 4062 cl.
903 4002 1046 4077 Paraphr.
1070 4003 1184 4079 Erang.
1205 4001 1291 4060 XVII
1316 4002 1355 4056 62

184 4101 371 4179 πνευματικῷ
395 4095 480 4177 πυρὶ
502 4103 573 4176 γυῖα
600 4096 816 4176 λελουμένοι.
863 4096 1003 4155 Addatur
1026 4099 1154 4175 denique
1177 4094 1357 4155 Eustathins

185 4195 413 4253 Maercmbolita
437 4195 539 4270 llysm.
566 4195 590 4250 V
617 4201 644 4270 1,
664 4189 760 4272 4112
785 4193 856 4271 πρίν
883 4189 926 4275 μ’]
956 4196 1062 4271 scripsi
1091 4190 1159 4276 (nec
1184 4194 1261 4250 male
1286 4188 1356 4269 πρὶν

184 4292 298 4351 nudum
322 4293 434 4351 scribas
457 4293 493 4351 cf.
512 4292 703 4351 Hermannus
723 4292 842 4368 Orphic.
856 4314 885 4369 p.
906 4296 978 4369 700,
1003 4291 1184 4351 Fritzschius
1203 4290 1241 4348 ad
1262 4290 1356 4348 'Pheo-
